@comment{x-kbibtex-personnameformatting=<%l><, %f>}

@article{2012ARA&A..50..491P,
	adsnote = "Provided by the SAO/NASA Astrophysics Data System",
	adsurl = "http://adsabs.harvard.edu/abs/2012ARA\%26A..50..491P",
	archiveprefix = "arXiv",
	author = "{Putman}, M.~E. and {Peek}, J.~E.~G. and {Joung}, M.~R.",
	doi = "10.1146/annurev-astro-081811-125612",
	eprint = "1207.4837",
	journal = "\araa",
	month = sep,
	pages = "491--529",
	primaryclass = "astro-ph.GA",
	title = "{Gaseous Galaxy Halos}",
	volume = 50,
	year = 2012
}

@article{2012A&A...547A..43P,
	adsnote = "Provided by the SAO/NASA Astrophysics Data System",
	adsurl = "http://adsabs.harvard.edu/abs/2012A\%26A...547A..43P",
	archiveprefix = "arXiv",
	author = "{Pl{\"o}ckinger}, S. and {Hensler}, G.",
	doi = "10.1051/0004-6361",
	eid = "A43",
	eprint = "1208.3463",
	journal = "\aap",
	keywords = "ISM: clouds; Galaxy: halo; Galaxy: evolution; dark matter",
	month = nov,
	pages = "A43",
	primaryclass = "astro-ph.GA",
	title = "{Do high-velocity clouds trace the dark matter subhalo population?}",
	volume = 547,
	year = 2012
}

@article{2001ApJS..136..463W,
	adsnote = "Provided by the SAO/NASA Astrophysics Data System",
	adsurl = "http://adsabs.harvard.edu/abs/2001ApJS..136..463W",
	author = "{Wakker}, B.~P.",
	doi = "10.1086/321783",
	eprint = "arXiv:astro-ph/0102147",
	journal = "\apjs",
	keywords = "Galaxy: Halo; ISM: Abundances; ISM: Clouds; ISM: Structure; Radio Lines: ISM; Ultraviolet: ISM",
	month = oct,
	pages = "463--535",
	title = "{Distances and Metallicities of High- and Intermediate-Velocity Clouds}",
	volume = 136,
	year = 2001
}

@article{2008ApJ...684..364T,
	adsnote = "Provided by the SAO/NASA Astrophysics Data System",
	adsurl = "http://adsabs.harvard.edu/abs/2008ApJ...684..364T",
	archiveprefix = "arXiv",
	author = "{Thom}, C. and {Peek}, J.~E.~G. and {Putman}, M.~E. and {Heiles}, C. and {Peek}, K.~M.~G. and {Wilhelm}, R.",
	doi = "10.1086/589960",
	eprint = "0712.0612",
	journal = "\apj",
	keywords = "Galaxy: Evolution; Galaxy: Halo; ISM: Clouds; ISM: individual (Complex C)",
	month = sep,
	pages = "364--372",
	title = "{An Accurate Distance to High-Velocity Cloud Complex C}",
	volume = 684,
	year = 2008
}

@article{2009ApJ...705..962C,
	adsnote = "Provided by the SAO/NASA Astrophysics Data System",
	adsurl = "http://adsabs.harvard.edu/abs/2009ApJ...705..962C",
	archiveprefix = "arXiv",
	author = "{Collins}, J.~A. and {Shull}, J.~M. and {Giroux}, M.~L.",
	doi = "10.1088/0004-637X",
	eprint = "0909.4900",
	journal = "\apj",
	keywords = "Galaxy: halo; ISM: abundances; ISM: clouds; ultraviolet: general",
	month = nov,
	pages = "962--977",
	primaryclass = "astro-ph.GA",
	title = "{Hubble Space Telescope Survey of Interstellar High-velocity Si III}",
	volume = 705,
	year = 2009
}

@article{2007ApJ...657..271C,
	adsnote = "Provided by the SAO/NASA Astrophysics Data System",
	adsurl = "http://adsabs.harvard.edu/abs/2007ApJ...657..271C",
	author = "{Collins}, J.~A. and {Shull}, J.~M. and {Giroux}, M.~L.",
	doi = "10.1086/510770",
	eprint = "arXiv:astro-ph/0610729",
	journal = "\apj",
	keywords = "Galaxy: Halo; ISM: Abundances; ISM: Clouds; Galaxies: Quasars: Absorption Lines",
	month = mar,
	pages = "271--285",
	title = "{Metallicity and Ionization in High-Velocity Cloud Complex C}",
	volume = 657,
	year = 2007
}

@article{2003ApJ...591L..33L,
	adsnote = "Provided by the SAO/NASA Astrophysics Data System",
	adsurl = "http://adsabs.harvard.edu/abs/2003ApJ...591L..33L",
	author = "{Lockman}, F.~J.",
	doi = "10.1086/376961",
	eprint = "arXiv:astro-ph/0305408",
	journal = "\apjl",
	keywords = "Galaxy: Halo; Galaxy: Structure; ISM: Clouds; Radio Lines: ISM",
	month = jul,
	pages = "L33--L36",
	title = "{High-Velocity Cloud Complex H: A Satellite of the Milky Way in a Retrograde Orbit?}",
	volume = 591,
	year = 2003
}

@article{2002ApJ...572..178S,
	adsnote = "Provided by the SAO/NASA Astrophysics Data System",
	adsurl = "http://adsabs.harvard.edu/abs/2002ApJ...572..178S",
	author = "{Sembach}, K.~R. and {Gibson}, B.~K. and {Fenner}, Y. and {Putman}, M.~E.",
	doi = "10.1086/340345",
	eprint = "arXiv:astro-ph/0203217",
	journal = "\apj",
	keywords = "Galaxies: Individual: Name: Ton S210; Galaxy: Halo; Galaxies: Intergalactic Medium; ISM: Abundances; ISM: Clouds",
	month = jun,
	pages = "178--184",
	title = "{A Limit on the Metallicity of Compact High-Velocity Clouds}",
	volume = 572,
	year = 2002
}

@article{2003ApJS..146..165S,
	adsnote = "Provided by the SAO/NASA Astrophysics Data System",
	adsurl = "http://adsabs.harvard.edu/abs/2003ApJS..146..165S",
	author = "{Sembach}, K.~R. and {Wakker}, B.~P. and {Savage}, B.~D. and {Richter}, P. and {Meade}, M. and {Shull}, J.~M. and {Jenkins}, E.~B. and {Sonneborn}, G. and {Moos}, H.~W.",
	doi = "10.1086/346231",
	eprint = "arXiv:astro-ph/0207562",
	journal = "\apjs",
	keywords = "Galaxy: Halo; Galaxies: Intergalactic Medium; ISM: Clouds; ISM: Evolution; ISM: Kinematics and Dynamics; Ultraviolet: ISM",
	month = may,
	pages = "165--208",
	title = "{Highly Ionized High-Velocity Gas in the Vicinity of the Galaxy}",
	volume = 146,
	year = 2003
}

@article{2001A&A...370L..26B,
	adsnote = "Provided by the SAO/NASA Astrophysics Data System",
	adsurl = "http://adsabs.harvard.edu/abs/2001A\%26A...370L..26B",
	author = "{Br{\"u}ns}, C. and {Kerp}, J. and {Pagels}, A.",
	doi = "10.1051/0004-6361:20010333",
	eprint = "arXiv:astro-ph/0103119",
	journal = "\aap",
	keywords = "ISM: CLOUDS; KINEMATICS AND DYNAMICS; GALAXY: HALO; GALAXIES: INTERGALACTIC MEDIUM",
	month = apr,
	pages = "L26--L30",
	title = "{Deep H $\{$I$\}$ observations of the compact high-velocity cloud $\{$HVC 125+41-207$\}$}",
	volume = 370,
	year = 2001
}

@article{2002A&A...391..713K,
	adsnote = "Provided by the SAO/NASA Astrophysics Data System",
	adsurl = "http://adsabs.harvard.edu/abs/2002A\%26A...391..713K",
	author = "{Konz}, C. and {Br{\"u}ns}, C. and {Birk}, G.~T.",
	doi = "10.1051/0004-6361:20020863",
	eprint = "arXiv:astro-ph/0207425",
	journal = "\aap",
	keywords = "magnetohydrodynamics (MHD); galaxies: halos; intergalactic medium; Magellanic Clouds; galaxies: magnetic fields",
	month = aug,
	pages = "713--723",
	title = "{Dynamical evolution of high velocity clouds in the intergalactic medium}",
	volume = 391,
	year = 2002
}

@article{2000A&A...357..120B,
	adsnote = "Provided by the SAO/NASA Astrophysics Data System",
	adsurl = "http://adsabs.harvard.edu/abs/2000A\%26A...357..120B",
	author = "{Br{\"u}ns}, C. and {Kerp}, J. and {Kalberla}, P.~M.~W. and {Mebold}, U.",
	eprint = "arXiv:astro-ph/0003110",
	journal = "\aap",
	keywords = "ISM: CLOUDS; ISM: STRUCTURE; GALAXY: HALO; GALAXY: STRUCTURE",
	month = may,
	pages = "120--128",
	title = "{The head-tail structure of high-velocity clouds. A survey of the northern sky}",
	volume = 357,
	year = 2000
}

@article{2011ApJ...739...30K,
	adsnote = "Provided by the SAO/NASA Astrophysics Data System",
	adsurl = "http://adsabs.harvard.edu/abs/2011ApJ...739...30K",
	archiveprefix = "arXiv",
	author = "{Kwak}, K. and {Henley}, D.~B. and {Shelton}, R.~L.",
	doi = "10.1088/0004-637X",
	eid = "30",
	eprint = "1106.6326",
	journal = "\apj",
	keywords = "Galaxy: halo; hydrodynamics; ISM: clouds; methods: numerical; turbulence; ultraviolet: ISM",
	month = sep,
	pages = "30",
	primaryclass = "astro-ph.GA",
	title = "{Simulations of High-velocity Clouds. I. Hydrodynamics and High-velocity High Ions}",
	volume = 739,
	year = 2011
}

@article{2012ApJ...753...58H,
	adsnote = "Provided by the SAO/NASA Astrophysics Data System",
	adsurl = "http://adsabs.harvard.edu/abs/2012ApJ...753...58H",
	archiveprefix = "arXiv",
	author = "{Henley}, D.~B. and {Kwak}, K. and {Shelton}, R.~L.",
	doi = "10.1088/0004-637X",
	eid = "58",
	eprint = "1205.0012",
	journal = "\apj",
	keywords = "Galaxy: halo; hydrodynamics; ISM: clouds; methods: numerical; ultraviolet: ISM",
	month = jul,
	pages = "58",
	primaryclass = "astro-ph.GA",
	title = "{Simulations of High-velocity Clouds. II. Ablation from High-velocity Clouds as a Source of Low-velocity High Ions}",
	volume = 753,
	year = 2012
}

@article{2009ApJ...699..754S,
	adsnote = "Provided by the SAO/NASA Astrophysics Data System",
	adsurl = "http://adsabs.harvard.edu/abs/2009ApJ...699..754S",
	archiveprefix = "arXiv",
	author = "{Shull}, J.~M. and {Jones}, J.~R. and {Danforth}, C.~W. and {Collins}, J.~A.",
	doi = "10.1088/0004-637X",
	eid = "754",
	eprint = "0904.4901",
	journal = "\apj",
	keywords = "Galaxy: abundances; Galaxy: halo; ISM: clouds; ultraviolet: general",
	month = jul,
	pages = "754--767",
	primaryclass = "astro-ph.GA",
	title = "{A Large Reservoir of Ionized Gas in the Galactic Halo: Ionized Silicon in High-Velocity and Intermediate-Velocity Clouds}",
	volume = 699,
	year = 2009
}

@article{1997ARA&A..35..217W,
	adsnote = "Provided by the SAO/NASA Astrophysics Data System",
	adsurl = "http://adsabs.harvard.edu/abs/1997ARA\%26A..35..217W",
	author = "{Wakker}, B.~P. and {van Woerden}, H.",
	doi = "10.1146/annurev.astro.35.1.217",
	journal = "\araa",
	pages = "217--266",
	title = "{High-Velocity Clouds}",
	volume = 35,
	year = 1997
}

@article{1995ApJ...447..642M,
	adsnote = "Provided by the SAO/NASA Astrophysics Data System",
	adsurl = "http://adsabs.harvard.edu/abs/1995ApJ...447..642M",
	author = "{Murphy}, E.~M. and {Lockman}, F.~J. and {Savage}, B.~D.",
	doi = "10.1086/175906",
	journal = "\apj",
	keywords = "GALAXY: HALO; GALAXY: STRUCTURE; ISM: CLOUDS; RADIO LINES: ISM",
	month = jul,
	pages = "642",
	title = "{A Sensitive Search for Galactic High-Velocity H i Clouds}",
	volume = 447,
	year = 1995
}

@article{2002ApJS..140..331L,
	adsnote = "Provided by the SAO/NASA Astrophysics Data System",
	adsurl = "http://adsabs.harvard.edu/abs/2002ApJS..140..331L",
	author = "{Lockman}, F.~J. and {Murphy}, E.~M. and {Petty-Powell}, S. and {Urick}, V.~J.",
	doi = "10.1086/339371",
	eprint = "arXiv:astro-ph/0201039",
	journal = "\apjs",
	keywords = "Galaxy: Halo; Galaxy: Structure; ISM: Clouds; Surveys",
	month = jun,
	pages = "331--365",
	title = "{A Very Sensitive 21 centimeter Survey for Galactic High-Velocity H I}",
	volume = 140,
	year = 2002
}

@article{2003AJ....125.3122T,
	adsnote = "Provided by the SAO/NASA Astrophysics Data System",
	adsurl = "http://adsabs.harvard.edu/abs/2003AJ....125.3122T",
	author = "{Tripp}, T.~M. and {Wakker}, B.~P. and {Jenkins}, E.~B. and {Bowers}, C.~W. and {Danks}, A.~C. and {Green}, R.~F. and {Heap}, S.~R. and {Joseph}, C.~L. and {Kaiser}, M.~E. and {Linsky}, J.~L. and {Woodgate}, B.~E.",
	doi = "10.1086/374995",
	eprint = "arXiv:astro-ph/0302534",
	journal = "\aj",
	keywords = "Galaxy: Abundances; Galaxy: Halo; ISM: Abundances; ISM: Clouds; quasars: individual (3C 351; H1821+643)",
	month = jun,
	pages = "3122--3144",
	title = "{Complex C: A Low-Metallicity, High-Velocity Cloud Plunging into the Milky Way}",
	volume = 125,
	year = 2003
}

@article{1972ARA&A..10..375D,
	adsnote = "Provided by the SAO/NASA Astrophysics Data System",
	adsurl = "http://adsabs.harvard.edu/abs/1972ARA\%26A..10..375D",
	author = "{Dalgarno}, A. and {McCray}, R.~A.",
	doi = "10.1146/annurev.aa.10.090172.002111",
	journal = "\araa",
	pages = "375",
	title = "{Heating and Ionization of HI Regions}",
	volume = 10,
	year = 1972
}

@article{2009A&A...508..751S,
	adsnote = "Provided by the SAO/NASA Astrophysics Data System",
	adsurl = "http://adsabs.harvard.edu/abs/2009A\%26A...508..751S",
	archiveprefix = "arXiv",
	author = "{Schure}, K.~M. and {Kosenko}, D. and {Kaastra}, J.~S. and {Keppens}, R. and {Vink}, J.",
	doi = "10.1051/0004-6361",
	eprint = "0909.5204",
	journal = "\aap",
	keywords = "hydrodynamics; ISM: evolution; radiation mechanisms: thermal",
	month = dec,
	pages = "751--757",
	primaryclass = "astro-ph.GA",
	title = "{A new radiative cooling curve based on an up-to-date plasma emission code}",
	volume = 508,
	year = 2009
}

@article{1989GeCoA..53..197A,
	adsnote = "Provided by the SAO/NASA Astrophysics Data System",
	adsurl = "http://adsabs.harvard.edu/abs/1989GeCoA..53..197A",
	author = "{Anders}, E. and {Grevesse}, N.",
	doi = "10.1016/0016-7037(89)90286-X",
	journal = "\gca",
	keywords = "ABUNDANCE; CHEMICAL ANALYSIS; CHONDRITES; METEORITIC COMPOSITION; PHOTOSPHERE; SOLAR CORONA; ENERGETIC PARTICLES; ISOTOPES; SOLAR WIND; METEORITES; ABUNDANCE; SAMPLES; METEORITE; CI CHONDRITES; SUN; CORONA; PHOTOSPHERE; REVIEW; ELEMENTS; FRACTIONATION; SOLAR SYSTEM; NUCLIDES; SOLAR WIND; CHARGED PARTICLES; RARE GASES; REFRACTORY ELEMENTS; COMETS; SIDEROPHILES; VOLATILES; NUCLEOSYNTHESIS; HALLEY; COMPARISONS",
	month = jan,
	pages = "197--214",
	title = "{Abundances of the elements - Meteoritic and solar}",
	volume = 53,
	year = 1989
}

@article{2000ApJS..131..273F,
	adsnote = "Provided by the SAO/NASA Astrophysics Data System",
	adsurl = "http://adsabs.harvard.edu/abs/2000ApJS..131..273F",
	author = "{Fryxell}, B. and {Olson}, K. and {Ricker}, P. and {Timmes}, F.~X. and {Zingale}, M. and {Lamb}, D.~Q. and {MacNeice}, P. and {Rosner}, R. and {Truran}, J.~W. and {Tufo}, H.",
	doi = "10.1086/317361",
	journal = "\apjs",
	keywords = "Equation of State; Hydrodynamics; Methods: Numerical; Nuclear Reactions; Nucleosynthesis; Abundances; Stars: General",
	month = nov,
	pages = "273--334",
	title = "{FLASH: An Adaptive Mesh Hydrodynamics Code for Modeling Astrophysical Thermonuclear Flashes}",
	volume = 131,
	year = 2000
}

@inproceedings{2005ASPC..336...25A,
	adsnote = "Provided by the SAO/NASA Astrophysics Data System",
	adsurl = "http://adsabs.harvard.edu/abs/2005ASPC..336...25A",
	author = "{Asplund}, M. and {Grevesse}, N. and {Sauval}, A.~J.",
	booktitle = "{Cosmic Abundances as Records of Stellar Evolution and Nucleosynthesis}",
	editor = "{Barnes}, III T.~G. and {Bash}, F.~N.",
	month = sep,
	pages = "25",
	series = "{Astronomical Society of the Pacific Conference Series}",
	title = "{The Solar Chemical Composition}",
	volume = 336,
	year = 2005
}

@article{1998A&AS..133..403M,
	adsnote = "Provided by the SAO/NASA Astrophysics Data System",
	adsurl = "http://adsabs.harvard.edu/abs/1998A\%26AS..133..403M",
	author = "{Mazzotta}, P. and {Mazzitelli}, G. and {Colafrancesco}, S. and {Vittorio}, N.",
	doi = "10.1051/aas:1998330",
	eprint = "arXiv:astro-ph/9806391",
	journal = "\aaps",
	keywords = "ATOMIC DATA; PLASMAS; RADIATION MECHANISMS: THERMAL; X-RAYS: GENERAL",
	month = dec,
	pages = "403--409",
	title = "{Ionization balance for optically thin plasmas: Rate coefficients for all atoms and ions of the elements H to NI}",
	volume = 133,
	year = 1998
}

@article{2012ApJ...759..137J,
	adsnote = "Provided by the SAO/NASA Astrophysics Data System",
	adsurl = "http://adsabs.harvard.edu/abs/2012ApJ...759..137J",
	archiveprefix = "arXiv",
	author = "{Joung}, M.~R. and {Putman}, M.~E. and {Bryan}, G.~L. and {Fern{\'a}ndez}, X. and {Peek}, J.~E.~G.",
	doi = "10.1088/0004-637X",
	eid = "137",
	eprint = "1205.3825",
	journal = "\apj",
	keywords = "galaxies: evolution; galaxies: kinematics and dynamics; Galaxy: halo; methods: numerical",
	month = nov,
	pages = "137",
	primaryclass = "astro-ph.CO",
	title = "{Gas Accretion is Dominated by Warm Ionized Gas in Milky Way Mass Galaxies at z \~{} 0}",
	volume = 759,
	year = 2012
}

@article{2011ApJ...739..105S,
	adsnote = "Provided by the SAO/NASA Astrophysics Data System",
	adsurl = "http://adsabs.harvard.edu/abs/2011ApJ...739..105S",
	archiveprefix = "arXiv",
	author = "{Shull}, J.~M. and {Stevans}, M. and {Danforth}, C. and {Penton}, S.~V. and {Lockman}, F.~J. and {Arav}, N.",
	doi = "10.1088/0004-637X",
	eid = "105",
	eprint = "1105.2323",
	journal = "\apj",
	keywords = "Galaxy: halo; ISM: clouds; ultraviolet: general",
	month = oct,
	pages = "105",
	primaryclass = "astro-ph.GA",
	title = "{HST/COS Observations of Galactic High-velocity Clouds: Four Active Galactic Nucleus Sight Lines through Complex C}",
	volume = 739,
	year = 2011
}

@article{2009ApJ...703.1832H,
	adsnote = "Provided by the SAO/NASA Astrophysics Data System",
	adsurl = "http://adsabs.harvard.edu/abs/2009ApJ...703.1832H",
	archiveprefix = "arXiv",
	author = "{Hill}, A.~S. and {Haffner}, L.~M. and {Reynolds}, R.~J.",
	doi = "10.1088/0004-637X",
	eprint = "0908.1720",
	journal = "\apj",
	keywords = "Galaxy: evolution; Galaxy: halo; ISM: abundances; ISM: clouds; ISM: individual: Smith Cloud",
	month = oct,
	pages = "1832--1838",
	primaryclass = "astro-ph.GA",
	title = "{Ionized Gas in the Smith Cloud}",
	volume = 703,
	year = 2009
}

@article{2013ApJ...777...55H,
	adsnote = "Provided by the SAO/NASA Astrophysics Data System",
	adsurl = "http://adsabs.harvard.edu/abs/2013ApJ...777...55H",
	archiveprefix = "arXiv",
	author = "{Hill}, A.~S. and {Mao}, S.~A. and {Benjamin}, R.~A. and {Lockman}, F.~J. and {McClure-Griffiths}, N.~M.",
	doi = "10.1088/0004-637X",
	eid = "55",
	eprint = "1309.2553",
	journal = "\apj",
	keywords = "ISM: individual objects: Smith Cloud; ISM: kinematics and dynamics; ISM: magnetic fields; ISM: structure",
	month = nov,
	pages = "55",
	primaryclass = "astro-ph.GA",
	title = "{Magnetized Gas in the Smith High Velocity Cloud}",
	volume = 777,
	year = 2013
}

@article{2009ApJ...698.1485H,
	adsnote = "Provided by the SAO/NASA Astrophysics Data System",
	adsurl = "http://adsabs.harvard.edu/abs/2009ApJ...698.1485H",
	archiveprefix = "arXiv",
	author = "{Heitsch}, F. and {Putman}, M.~E.",
	doi = "10.1088/0004-637X",
	eprint = "0904.1995",
	journal = "\apj",
	keywords = "Galaxy: evolution; Galaxy: halo; galaxies: ISM; hydrodynamics; methods: numerical",
	month = jun,
	pages = "1485--1496",
	primaryclass = "astro-ph.GA",
	title = "{The Fate of High-Velocity Clouds: Warm or Cold Cosmic Rain?}",
	volume = 698,
	year = 2009
}

@article{2001A&A...369..616B,
	adsnote = "Provided by the SAO/NASA Astrophysics Data System",
	adsurl = "http://adsabs.harvard.edu/abs/2001A\%26A...369..616B",
	author = "{Burton}, W.~B. and {Braun}, R. and {Chengalur}, J.~N.",
	doi = "10.1051/0004-6361:20010162",
	eprint = "astro-ph/0102085",
	journal = "\aap",
	keywords = "ISM: ATOMS; ISM: CLOUDS; GALAXY: EVOLUTION; GALAXY: FORMATION; GALAXIES: DWARF; GALAXIES: LOCAL GROUP",
	month = apr,
	pages = "616--642",
	title = "{Arecibo imaging of compact high-velocity clouds}",
	volume = 369,
	year = 2001
}

@article{2010MNRAS.404.1464M,
	adsnote = "Provided by the SAO/NASA Astrophysics Data System",
	adsurl = "http://adsabs.harvard.edu/abs/2010MNRAS.404.1464M",
	archiveprefix = "arXiv",
	author = "{Marinacci}, F. and {Binney}, J. and {Fraternali}, F. and {Nipoti}, C. and {Ciotti}, L. and {Londrillo}, P.",
	doi = "10.1111/j.1365-2966.2010.16352.x",
	eprint = "1001.2446",
	journal = "\mnras",
	keywords = "hydrodynamics; turbulence; ISM: kinematics and dynamics; cooling flows; galaxies: evolution; intergalactic medium",
	month = may,
	pages = "1464--1474",
	primaryclass = "astro-ph.GA",
	title = "{The mode of gas accretion on to star-forming galaxies}",
	volume = 404,
	year = 2010
}

@article{2011MNRAS.415.1534M,
	adsnote = "Provided by the SAO/NASA Astrophysics Data System",
	adsurl = "http://adsabs.harvard.edu/abs/2011MNRAS.415.1534M",
	archiveprefix = "arXiv",
	author = "{Marinacci}, F. and {Fraternali}, F. and {Nipoti}, C. and {Binney}, J. and {Ciotti}, L. and {Londrillo}, P.",
	doi = "10.1111/j.1365-2966.2011.18810.x",
	eprint = "1103.5358",
	journal = "\mnras",
	keywords = "hydrodynamics; turbulence; ISM: kinematics and dynamics; Galaxy: kinematics and dynamics; Galaxy: structure; intergalactic medium",
	month = aug,
	pages = "1534--1542",
	primaryclass = "astro-ph.GA",
	title = "{Galactic fountains and the rotation of disc-galaxy coronae}",
	volume = 415,
	year = 2011
}

@article{1995ApJ...453..673W,
	adsnote = "Provided by the SAO/NASA Astrophysics Data System",
	adsurl = "http://adsabs.harvard.edu/abs/1995ApJ...453..673W",
	author = "{Wolfire}, M.~G. and {McKee}, C.~F. and {Hollenbach}, D. and {Tielens}, A.~G.~G.~M.",
	doi = "10.1086/176429",
	journal = "\apj",
	keywords = "GALAXY: HALO; ISM: CLOUDS; ISM: STRUCTURE",
	month = nov,
	pages = "673",
	title = "{The Multiphase Structure of the Galactic Halo: High-Velocity Clouds in a Hot Corona}",
	volume = 453,
	year = 1995
}

@article{1994MNRAS.270..209M,
	adsnote = "Provided by the SAO/NASA Astrophysics Data System",
	adsurl = "http://adsabs.harvard.edu/abs/1994MNRAS.270..209M",
	author = "{Moore}, B. and {Davis}, M.",
	eprint = "astro-ph/9401008",
	journal = "\mnras",
	month = sep,
	pages = "209",
	title = "{The Origin of the Magellanic Stream}",
	volume = 270,
	year = 1994
}

@article{2011AJ....141...57H,
	adsnote = "Provided by the SAO/NASA Astrophysics Data System",
	adsurl = "http://adsabs.harvard.edu/abs/2011AJ....141...57H",
	archiveprefix = "arXiv",
	author = "{Hsu}, W.-H. and {Putman}, M.~E. and {Heitsch}, F. and {Stanimirovi{\'c}}, S. and {Peek}, J.~E.~G. and {Clark}, S.~E.",
	doi = "10.1088/0004-6256",
	eid = "57",
	eprint = "1011.0011",
	journal = "\aj",
	keywords = "Galaxy: formation; Galaxy: halo; intergalactic medium; ISM: clouds; ISM: structure",
	month = feb,
	pages = "57",
	primaryclass = "astro-ph.GA",
	title = "{Physical Properties of Complex C Halo Clouds}",
	volume = 141,
	year = 2011
}

@article{2009ApJ...699.1775K,
	adsnote = "Provided by the SAO/NASA Astrophysics Data System",
	adsurl = "http://adsabs.harvard.edu/abs/2009ApJ...699.1775K",
	archiveprefix = "arXiv",
	author = "{Kwak}, K. and {Shelton}, R.~L. and {Raley}, E.~A.",
	doi = "10.1088/0004-637X",
	eprint = "0906.0613",
	journal = "\apj",
	keywords = "Galaxy: halo; ISM: clouds; ISM: magnetic fields; methods: numerical; MHD",
	month = jul,
	pages = "1775--1788",
	primaryclass = "astro-ph.GA",
	title = "{The Evolution of Gas Clouds Falling in the Magnetized Galactic Halo: High-Velocity Clouds (HVCs) Originated in the Galactic Fountain}",
	volume = 699,
	year = 2009
}

@article{1999ApJ...522...82K,
	adsnote = "Provided by the SAO/NASA Astrophysics Data System",
	adsurl = "http://adsabs.harvard.edu/abs/1999ApJ...522...82K",
	author = "{Klypin}, A. and {Kravtsov}, A.~V. and {Valenzuela}, O. and {Prada}, F.",
	doi = "10.1086/307643",
	eprint = "astro-ph/9901240",
	journal = "\apj",
	keywords = "COSMOLOGY: THEORY; GALAXIES: CLUSTERS: GENERAL; GALAXIES: INTERACTIONS; GALAXY: FORMATION; GALAXIES: LOCAL GROUP; METHODS: NUMERICAL; Cosmology: Theory; Galaxies: Clusters: General; Galaxies: Interactions; Galaxy: Formation; Galaxies: Local Group; Methods: Numerical",
	month = sep,
	pages = "82--92",
	title = "{Where Are the Missing Galactic Satellites?}",
	volume = 522,
	year = 1999
}

@article{2013ApJ...768...77A,
	adsnote = "Provided by the SAO/NASA Astrophysics Data System",
	adsurl = "http://adsabs.harvard.edu/abs/2013ApJ...768...77A",
	archiveprefix = "arXiv",
	author = "{Adams}, E.~A.~K. and {Giovanelli}, R. and {Haynes}, M.~P.",
	doi = "10.1088/0004-637X",
	eid = "77",
	eprint = "1303.6967",
	journal = "\apj",
	keywords = "galaxies: distances and redshifts; galaxies: dwarf; galaxies: halos; galaxies: ISM; Local Group; radio lines: galaxies",
	month = may,
	pages = "77",
	primaryclass = "astro-ph.CO",
	title = "{A Catalog of Ultra-compact High Velocity Clouds from the ALFALFA Survey: Local Group Galaxy Candidates?}",
	volume = 768,
	year = 2013
}

@article{2014ApJ...795...99G,
	adsnote = "Provided by the SAO/NASA Astrophysics Data System",
	adsurl = "http://adsabs.harvard.edu/abs/2014ApJ...795...99G",
	archiveprefix = "arXiv",
	author = "{Gritton}, J.~A. and {Shelton}, R.~L. and {Kwak}, K.",
	doi = "10.1088/0004-637X",
	eid = "99",
	eprint = "1411.4902",
	journal = "\apj",
	keywords = "Galaxy: halo; hydrodynamics; ISM: clouds; methods: numerical",
	month = nov,
	pages = "99",
	title = "{Mixing between High Velocity Clouds and the Galactic Halo}",
	volume = 795,
	year = 2014
}

@article{1977ApJ...211..135C,
	adsnote = "Provided by the SAO/NASA Astrophysics Data System",
	adsurl = "http://adsabs.harvard.edu/abs/1977ApJ...211..135C",
	author = "{Cowie}, L.~L. and {McKee}, C.~F.",
	doi = "10.1086/154911",
	journal = "\apj",
	keywords = "Evaporation; High Temperature Gases; Interstellar Gas; Nebulae; Supernova Remnants; Conductive Heat Transfer; Heat Flux; Mass Flow Rate; Solar Wind; Temperature Profiles",
	month = jan,
	pages = "135--146",
	title = "{The evaporation of spherical clouds in a hot gas. I - Classical and saturated mass loss rates}",
	volume = 211,
	year = 1977
}

@article{1990ApJ...358..392M,
	adsnote = "Provided by the SAO/NASA Astrophysics Data System",
	adsurl = "http://adsabs.harvard.edu/abs/1990ApJ...358..392M",
	author = "{McKee}, C.~F. and {Begelman}, M.~C.",
	doi = "10.1086/168995",
	journal = "\apj",
	keywords = "Heat Transfer; High Temperature Plasmas; Interstellar Matter; Quasars; Thermal Stability; Condensation; Evaporation; Mass Flow Rate",
	month = aug,
	pages = "392--398",
	title = "{Steady evaporation and condensation of isolated clouds in hot plasma}",
	volume = 358,
	year = 1990
}

@article{2015MNRAS.447L..70F,
	adsnote = "Provided by the SAO/NASA Astrophysics Data System",
	adsurl = "http://adsabs.harvard.edu/abs/2015MNRAS.447L..70F",
	archiveprefix = "arXiv",
	author = "{Fraternali}, F. and {Marasco}, A. and {Armillotta}, L. and {Marinacci}, F.",
	doi = "10.1093/mnrasl",
	eprint = "1411.4050",
	journal = "\mnras",
	keywords = "ISM: bubbles; ISM: clouds; Galaxy: evolution; Galaxy: halo",
	month = feb,
	pages = "L70--L74",
	title = "{Galactic hail: the origin of the high-velocity cloud complex C}",
	volume = 447,
	year = 2015
}

@article{2009MNRAS.397.1804B,
	adsnote = "Provided by the SAO/NASA Astrophysics Data System",
	adsurl = "http://adsabs.harvard.edu/abs/2009MNRAS.397.1804B",
	archiveprefix = "arXiv",
	author = "{Binney}, J. and {Nipoti}, C. and {Fraternali}, F.",
	doi = "10.1111/j.1365-2966.2009.15113.x",
	eprint = "0902.4525",
	journal = "\mnras",
	keywords = "ISM: kinematics and dynamics; galaxies: evolution; galaxies: haloes; galaxies: kinematics and dynamics",
	month = aug,
	pages = "1804--1815",
	title = "{Do high-velocity clouds form by thermal instability?}",
	volume = 397,
	year = 2009
}

@article{2007A&A...475..251V,
	adsnote = "Provided by the SAO/NASA Astrophysics Data System",
	adsurl = "http://adsabs.harvard.edu/abs/2007A\%26A...475..251V",
	archiveprefix = "arXiv",
	author = "{Vieser}, W. and {Hensler}, G.",
	doi = "10.1051/0004-6361:20054187",
	eprint = "0709.0623",
	journal = "\aap",
	keywords = "ISM: clouds; ISM: structure; conduction; hydrodynamics; methods: numerical",
	month = nov,
	pages = "251--262",
	title = "{Evaporation and condensation of spherical interstellar clouds. Self-consistent models with saturated heat conduction and cooling}",
	volume = 475,
	year = 2007
}

@article{2007A&A...472..141V,
	adsnote = "Provided by the SAO/NASA Astrophysics Data System",
	adsurl = "http://adsabs.harvard.edu/abs/2007A\%26A...472..141V",
	archiveprefix = "arXiv",
	author = "{Vieser}, W. and {Hensler}, G.",
	doi = "10.1051/0004-6361:20042120",
	eprint = "0704.3592",
	journal = "\aap",
	keywords = "ISM: clouds; conduction; hydrodynamics; instabilities",
	month = sep,
	pages = "141--153",
	title = "{The evolution of interstellar clouds in a streaming hot plasma including heat conduction}",
	volume = 472,
	year = 2007
}

@article{2016ApJ...816...81W,
	adsnote = "Provided by the SAO/NASA Astrophysics Data System",
	adsurl = "http://adsabs.harvard.edu/abs/2016ApJ...816...81W",
	archiveprefix = "arXiv",
	author = "{Wolfe}, S.~A. and {Lockman}, F.~J. and {Pisano}, D.~J.",
	doi = "10.3847/0004-637X",
	eid = "81",
	eprint = "1507.05237",
	journal = "\apj",
	keywords = "galaxies: halos; galaxies: ISM; intergalactic medium; Local Group",
	month = jan,
	pages = "81",
	title = "{Sensitive 21cm Observations of Neutral Hydrogen in the Local Group near M31}",
	volume = 816,
	year = 2016
}

@article{1993ApJS...88..253S,
	adsnote = "Provided by the SAO/NASA Astrophysics Data System",
	adsurl = "http://adsabs.harvard.edu/abs/1993ApJS...88..253S",
	author = "{Sutherland}, R.~S. and {Dopita}, M.~A.",
	doi = "10.1086/191823",
	journal = "\apjs",
	keywords = "Cooling Flows (Astrophysics); Cosmic Plasma; Nonequilibrium Ionization; One Dimensional Flow; Plasma Slabs; Radiative Transfer; Charge Exchange; Electron Impact; Grid Generation (Mathematics); Hydrogen Recombinations; Ionization; Mathematical Models; Metallicity; Photoionization; Radiative Recombination; Rarefied Plasmas; Resonance Lines",
	month = sep,
	pages = "253--327",
	title = "{Cooling functions for low-density astrophysical plasmas}",
	volume = 88,
	year = 1993
}

@article{2011ApJS..192....9T,
	adsnote = "Provided by the SAO/NASA Astrophysics Data System",
	adsurl = "http://adsabs.harvard.edu/abs/2011ApJS..192....9T",
	archiveprefix = "arXiv",
	author = "{Turk}, M.~J. and {Smith}, B.~D. and {Oishi}, J.~S. and {Skory}, S. and {Skillman}, S.~W. and {Abel}, T. and {Norman}, M.~L.",
	doi = "10.1088/0067-0049",
	eprint = "1011.3514",
	journal = "\apjs",
	keywords = "cosmology: theory; methods: data analysis; methods: numerical",
	month = jan,
	pages = "9--+",
	primaryclass = "astro-ph.IM",
	title = "{yt: A Multi-code Analysis Toolkit for Astrophysical Simulation Data}",
	volume = 192,
	year = 2011
}

@inproceedings{2008ASPC..385..145D,
	adsnote = "Provided by the SAO/NASA Astrophysics Data System",
	adsurl = "http://adsabs.harvard.edu/abs/2008ASPC..385..145D",
	author = "{Dubey}, A. and {Fisher}, R. and {Graziani}, C. and {Jordan}, IV G.~C. and {Lamb}, D.~Q. and {Reid}, L.~B. and {Rich}, P. and {Sheeler}, D. and {Townsley}, D. and {Weide}, K.",
	booktitle = "{Numerical Modeling of Space Plasma Flows}",
	editor = "{Pogorelov}, N.~V. and {Audit}, E. and {Zank}, G.~P.",
	month = apr,
	pages = "145",
	series = "{Astronomical Society of the Pacific Conference Series}",
	title = "{Challenges of Extreme Computing using the FLASH code}",
	volume = 385,
	year = 2008
}

@article{2011Sci...334..955L,
	adsnote = "Provided by the SAO/NASA Astrophysics Data System",
	adsurl = "http://adsabs.harvard.edu/abs/2011Sci...334..955L",
	archiveprefix = "arXiv",
	author = "{Lehner}, N. and {Howk}, J.~C.",
	doi = "10.1126/science.1209069",
	eprint = "1111.3981",
	journal = "Science",
	month = nov,
	pages = "955",
	title = "{A Reservoir of Ionized Gas in the Galactic Halo to Sustain Star Formation in the Milky Way}",
	volume = 334,
	year = 2011
}

@article{1976ApJ...205..762S,
	adsnote = "Provided by the SAO/NASA Astrophysics Data System",
	adsurl = "http://adsabs.harvard.edu/abs/1976ApJ...205..762S",
	author = "{Shapiro}, P.~R. and {Field}, G.~B.",
	doi = "10.1086/154332",
	journal = "\apj",
	month = may,
	pages = "762--765",
	title = "{Consequences of a New Hot Component of the Interstellar Medium}",
	volume = 205,
	year = 1976
}

@article{1980ApJ...236..577B,
	adsnote = "Provided by the SAO/NASA Astrophysics Data System",
	adsurl = "http://adsabs.harvard.edu/abs/1980ApJ...236..577B",
	author = "{Bregman}, J.~N.",
	doi = "10.1086/157776",
	journal = "\apj",
	keywords = "Galactic Rotation; Galactic Structure; Galaxies; Hydrogen Clouds; Milky Way Galaxy; Hydrodynamics; Interstellar Matter; Magnetic Fields; Nebulae; Radial Velocity; Velocity Distribution",
	month = mar,
	pages = "577--591",
	title = "{The galactic fountain of high-velocity clouds}",
	volume = 236,
	year = 1980
}

@article{2012MNRAS.424.2896L,
	adsnote = "Provided by the SAO/NASA Astrophysics Data System",
	adsurl = "http://adsabs.harvard.edu/abs/2012MNRAS.424.2896L",
	archiveprefix = "arXiv",
	author = "{Lehner}, N. and {Howk}, J.~C. and {Thom}, C. and {Fox}, A.~J. and {Tumlinson}, J. and {Tripp}, T.~M. and {Meiring}, J.~D.",
	doi = "10.1111/j.1365-2966.2012.21428.x",
	eprint = "1203.2626",
	journal = "\mnras",
	keywords = "Galaxy: evolution; Galaxy: halo; Galaxy: structure",
	month = aug,
	pages = "2896--2913",
	title = "{High-velocity clouds as streams of ionized and neutral gas in the halo of the Milky Way}",
	volume = 424,
	year = 2012
}

@article{2011AJ....142..197C,
	adsnote = "Provided by the SAO/NASA Astrophysics Data System",
	adsurl = "http://adsabs.harvard.edu/abs/2011AJ....142..197C",
	archiveprefix = "arXiv",
	author = "{Chomiuk}, L. and {Povich}, M.~S.",
	doi = "10.1088/0004-6256",
	eid = "197",
	eprint = "1110.4105",
	journal = "\aj",
	keywords = "galaxies: star formation; Galaxy: fundamental parameters; H II regions; ISM: supernova remnants",
	month = dec,
	pages = "197",
	title = "{Toward a Unification of Star Formation Rate Determinations in the Milky Way and Other Galaxies}",
	volume = 142,
	year = 2011
}

@article{1980ApJ...242..242T,
	adsnote = "Provided by the SAO/NASA Astrophysics Data System",
	adsurl = "http://adsabs.harvard.edu/abs/1980ApJ...242..242T",
	author = "{Twarog}, B.~A.",
	doi = "10.1086/158460",
	journal = "\apj",
	keywords = "Chemical Evolution; Galactic Evolution; Metallic Stars; Milky Way Galaxy; Star Formation; Abundance; Astronomical Models; Dwarf Stars; F Stars; G Stars; Scale Height; Star Formation Rate; Stellar Evolution",
	month = nov,
	pages = "242--259",
	title = "{The chemical evolution of the solar neighborhood. II - The age-metallicity relation and the history of star formation in the galactic disk}",
	volume = 242,
	year = 1980
}

@article{1999Natur.402..388W,
	adsnote = "Provided by the SAO/NASA Astrophysics Data System",
	adsurl = "http://adsabs.harvard.edu/abs/1999Natur.402..388W",
	author = "{Wakker}, B.~P. and {Howk}, J.~C. and {Savage}, B.~D. and {van Woerden}, H. and {Tufte}, S.~L. and {Schwarz}, U.~J. and {Benjamin}, R. and {Reynolds}, R.~J. and {Peletier}, R.~F. and {Kalberla}, P.~M.~W.",
	doi = "10.1038/46498",
	journal = "\nat",
	month = nov,
	pages = "388--390",
	title = "{Accretion of low-metallicity gas by the Milky Way}",
	volume = 402,
	year = 1999
}

@article{2015ApJ...808...22H,
	adsnote = "Provided by the SAO/NASA Astrophysics Data System",
	adsurl = "http://adsabs.harvard.edu/abs/2015ApJ...808...22H",
	archiveprefix = "arXiv",
	author = "{Henley}, D.~B. and {Shelton}, R.~L.",
	doi = "10.1088/0004-637X",
	eid = "22",
	eprint = "1505.07471",
	journal = "\apj",
	keywords = "Galaxy: halo; ISM: general; ISM: individual objects: Local Bubble; solar wind; X-rays: diffuse background; X-rays: ISM",
	month = jul,
	pages = "22",
	title = "{XMM-Newton and Suzaku X-Ray Shadowing Measurements of the Solar Wind Charge Exchange, Local Bubble, and Galactic Halo Emission}",
	volume = 808,
	year = 2015
}

@article{1963CRAS..257.1661M,
	adsnote = "Provided by the SAO/NASA Astrophysics Data System",
	adsurl = "http://adsabs.harvard.edu/abs/1963CRAS..257.1661M",
	author = "{Muller}, C.~A. and {Oort}, J.~H. and {Raimond}, E.",
	journal = "Academie des Sciences Paris Comptes Rendus",
	pages = "1661--1662",
	title = "{Hydrog{\`e}ne neutre dans la couronne galactique?}",
	volume = 257,
	year = 1963
}

@article{1961ApJ...133...11M,
	adsnote = "Provided by the SAO/NASA Astrophysics Data System",
	adsurl = "http://adsabs.harvard.edu/abs/1961ApJ...133...11M",
	author = "{M{\"u}nch}, G. and {Zirin}, H.",
	doi = "10.1086/146999",
	journal = "\apj",
	month = jan,
	pages = "11",
	title = "{Interstellar Matter at Large Distances from the Galactic Plane.}",
	volume = 133,
	year = 1961
}

@article{1956ApJ...124...20S,
	adsnote = "Provided by the SAO/NASA Astrophysics Data System",
	adsurl = "http://adsabs.harvard.edu/abs/1956ApJ...124...20S",
	author = "{Spitzer}, Jr. L.",
	doi = "10.1086/146200",
	journal = "\apj",
	month = jul,
	pages = "20",
	title = "{On a Possible Interstellar Galactic Corona.}",
	volume = 124,
	year = 1956
}

@article{1988ApJ...325...74S,
	adsnote = "Provided by the SAO/NASA Astrophysics Data System",
	adsurl = "http://adsabs.harvard.edu/abs/1988ApJ...325...74S",
	author = "{Sanders}, D.~B. and {Soifer}, B.~T. and {Elias}, J.~H. and {Madore}, B.~F. and {Matthews}, K. and {Neugebauer}, G. and {Scoville}, N.~Z.",
	doi = "10.1086/165983",
	journal = "\apj",
	keywords = "Active Galactic Nuclei; Galactic Evolution; Infrared Sources (Astronomy); Quasars; Astronomical Maps; Carbon Monoxide; Emission Spectra; Infrared Photometry; Molecular Gases; Nonthermal Radiation; Spectral Energy Distribution",
	month = feb,
	pages = "74--91",
	title = "{Ultraluminous infrared galaxies and the origin of quasars}",
	volume = 325,
	year = 1988
}

@article{2013RMxAA..49..137F,
	adsnote = "Provided by the SAO/NASA Astrophysics Data System",
	adsurl = "http://adsabs.harvard.edu/abs/2013RMxAA..49..137F",
	archiveprefix = "arXiv",
	author = "{Ferland}, G.~J. and {Porter}, R.~L. and {van Hoof}, P.~A.~M. and {Williams}, R.~J.~R. and {Abel}, N.~P. and {Lykins}, M.~L. and {Shaw}, G. and {Henney}, W.~J. and {Stancil}, P.~C.",
	eprint = "1302.4485",
	journal = "\rmxaa",
	keywords = "atomic processes; galaxies: active; methods: numerical; molecular processes; radiation mechanisms: general",
	month = apr,
	pages = "137--163",
	primaryclass = "astro-ph.GA",
	title = "{The 2013 Release of Cloudy}",
	volume = 49,
	year = 2013
}

@misc{2013ascl.soft04020M,
	adsnote = "Provided by the SAO/NASA Astrophysics Data System",
	adsurl = "http://adsabs.harvard.edu/abs/2013ascl.soft04020M",
	archiveprefix = "ascl",
	author = "{Morisset}, C.",
	eprint = "1304.020",
	howpublished = "Astrophysics Source Code Library",
	keywords = "Software",
	month = apr,
	title = "{pyCloudy: Tools to manage astronomical Cloudy photoionization code}",
	year = 2013
}

@article{2016ApJ...816L..18G,
	adsnote = "Provided by the SAO/NASA Astrophysics Data System",
	adsurl = "http://adsabs.harvard.edu/abs/2016ApJ...816L..18G",
	archiveprefix = "arXiv",
	author = "{Galyardt}, J. and {Shelton}, R.~L.",
	doi = "10.3847/2041-8205",
	eid = "L18",
	eprint = "1511.05884",
	journal = "\apjl",
	keywords = "dark matter; ISM: clouds; ISM: individual objects: Smith Cloud; ISM: kinematics and dynamics; ISM: magnetic fields; methods: numerical",
	month = jan,
	pages = "L18",
	title = "{Collisions between Dark Matter Confined High Velocity Clouds and Magnetized Galactic Disks: The Smith Cloud}",
	volume = 816,
	year = 2016
}

@article{1994ApJ...420..213K,
	adsnote = "Provided by the SAO/NASA Astrophysics Data System",
	adsurl = "http://adsabs.harvard.edu/abs/1994ApJ...420..213K",
	author = "{Klein}, R.~I. and {McKee}, C.~F. and {Colella}, P.",
	doi = "10.1086/173554",
	journal = "\apj",
	keywords = "Interstellar Matter; Molecular Clouds; Shock Wave Interaction; Supernova Remnants; Computational Grids; Gas Dynamics; Hydrodynamics; Mach Number; Wave Propagation",
	month = jan,
	pages = "213--236",
	title = "{On the hydrodynamic interaction of shock waves with interstellar clouds. 1: Nonradiative shocks in small clouds}",
	volume = 420,
	year = 1994
}

@proceedings{1995inco.conf.....C,
	adsnote = "Provided by the SAO/NASA Astrophysics Data System",
	adsurl = "http://adsabs.harvard.edu/abs/1995inco.conf.....C",
	booktitle = "{An introduction to cosmochemistry, Publisher: Cambridge; New York Cambridge University Press, 1995 Physical description xii, 490 p. ISBN0521415381}",
	editor = "{Cowley}, C.~R.",
	month = jan,
	pages = "ISBN0521415381",
	title = "{An Introduction to Cosmochemistry}",
	year = 1995
}

@article{1979MNRAS.189...95P,
	adsnote = "Provided by the SAO/NASA Astrophysics Data System",
	adsurl = "http://adsabs.harvard.edu/abs/1979MNRAS.189...95P",
	author = "{Pagel}, B.~E.~J. and {Edmunds}, M.~G. and {Blackwell}, D.~E. and {Chun}, M.~S. and {Smith}, G.",
	doi = "10.1093/mnras",
	journal = "\mnras",
	keywords = "Emission Spectra; H Ii Regions; H Lines; Interstellar Gas; Spectrum Analysis; Spiral Galaxies; Abundance; Astronomical Catalogs; Data Reduction; Electron Energy; Hydrogen Ions; Magellanic Clouds; Nitrogen; Oxygen",
	month = oct,
	pages = "95--113",
	title = "{On the composition of H II regions in southern galaxies. I - NGC 300 and 1365}",
	volume = 189,
	year = 1979
}

@article{1962AJ.....67..486V,
	adsnote = "Provided by the SAO/NASA Astrophysics Data System",
	adsurl = "http://adsabs.harvard.edu/abs/1962AJ.....67..486V",
	author = "{van den Bergh}, S.",
	doi = "10.1086/108757",
	journal = "\aj",
	month = oct,
	pages = "486--490",
	title = "{The frequency of stars with different metal abundances.}",
	volume = 67,
	year = 1962
}

@article{2017GRITTON,
	author = "{Gritton}, J.~A. and {Shelton}, R.~L. and {Galyardt}, J.~E.",
	journal = "\apj",
	keywords = "Galaxy: halo; hydrodynamics; ISM: clouds; methods: numerical",
	pages = "in press",
	title = "{Condensation Of Halo, Circumgalactic, And Intergalactic Gas Onto Massive High Velocity Clouds}",
	year = 2017
}

@article{1998ApJ...503..700F,
	adsnote = "Provided by the SAO/NASA Astrophysics Data System",
	adsurl = "http://adsabs.harvard.edu/abs/1998ApJ...503..700F",
	author = "{Ferri{\`e}re}, K.",
	doi = "10.1086/306003",
	journal = "\apj",
	keywords = "ISM: BUBBLES; ISM: GENERAL; ISM: STRUCTURE; ISM: SUPERNOVA REMNANTS; ISM: Bubbles; ISM: General; ISM: Structure; ISM: Supernova Remnants",
	month = aug,
	pages = "700--716",
	title = "{The Hot Gas Filling Factor in Our Galaxy}",
	volume = 503,
	year = 1998
}

@book{1961hhs..book.....C,
	adsnote = "Provided by the SAO/NASA Astrophysics Data System",
	adsurl = "http://adsabs.harvard.edu/abs/1961hhs..book.....C",
	author = "{Chandrasekhar}, S.",
	booktitle = "{International Series of Monographs on Physics, Oxford: Clarendon, 1961}",
	title = "{Hydrodynamic and hydromagnetic stability}",
	year = 1961
}

@article{1984JGR....89..801M,
	adsnote = "Provided by the SAO/NASA Astrophysics Data System",
	adsurl = "http://adsabs.harvard.edu/abs/1984JGR....89..801M",
	author = "{Miura}, A.",
	doi = "10.1029/JA089iA02p00801",
	journal = "\jgr",
	keywords = "Kelvin-Helmholtz Instability; Magnetohydrodynamic Stability; Magnetospheric Instability; Plasma Dynamics; Solar Terrestrial Interactions; Solar Wind; Flow Velocity; Mach Number; Magnetohydrodynamics; Magnetosheath; Plasma Waves; Pressure Distribution; Reynolds Stress; Shear Flow",
	month = feb,
	pages = "801--818",
	title = "{Anomalous transport by magnetohydrodynamic Kelvin-Helmholtz instabilities in the solar wind-magnetosphere interaction}",
	volume = 89,
	year = 1984
}

@article{1996ApJ...456..708M,
	adsnote = "Provided by the SAO/NASA Astrophysics Data System",
	adsurl = "http://adsabs.harvard.edu/abs/1996ApJ...456..708M",
	author = "{Malagoli}, A. and {Bodo}, G. and {Rosner}, R.",
	doi = "10.1086/176691",
	journal = "\apj",
	keywords = "INSTABILITIES; METHODS: NUMERICAL; MAGNETOHYDRODYNAMICS: MHD; PLASMAS",
	month = jan,
	pages = "708",
	title = "{On the Nonlinear Evolution of Magnetohydrodynamic Kelvin-Helmholtz Instabilities}",
	volume = 456,
	year = 1996
}

@article{1999ApJ...515..657S,
	adsnote = "Provided by the SAO/NASA Astrophysics Data System",
	adsurl = "http://adsabs.harvard.edu/abs/1999ApJ...515..657S",
	author = "{Santill{\'a}n}, A. and {Franco}, J. and {Martos}, M. and {Kim}, J.",
	doi = "10.1086/307065",
	eprint = "astro-ph/9812340",
	journal = "\apj",
	keywords = "ISM: CLOUDS; ISM: MAGNETIC FIELDS; MAGNETOHYDRODYNAMICS: MHD; TURBULENCE; WAVES; ISM: Clouds; ISM: Magnetic Fields; Magnetohydrodynamics: MHD; Turbulence; Waves",
	month = apr,
	pages = "657--668",
	title = "{The Collisions of High-Velocity Clouds with a Magnetized Gaseous Galactic Disk}",
	volume = 515,
	year = 1999
}

@article{2007ApJ...661..222R,
	adsnote = "Provided by the SAO/NASA Astrophysics Data System",
	adsurl = "http://adsabs.harvard.edu/abs/2007ApJ...661..222R",
	archiveprefix = "arXiv",
	author = "{Raley}, E.~A. and {Shelton}, R.~L. and {Plewa}, T.",
	doi = "10.1086/513136",
	eprint = "0707.3107",
	journal = "\apj",
	keywords = "Galaxy: General; Galaxy: Halo; ISM: General",
	month = may,
	pages = "222--235",
	title = "{A Study of the Vertical Motion of Supernova Remnant Bubbles in the Interstellar Medium Drawn from the Results of Three-Dimensional MHD Simulations}",
	volume = 661,
	year = 2007
}

@article{2010ApJ...719..523K,
	adsnote = "Provided by the SAO/NASA Astrophysics Data System",
	adsurl = "http://adsabs.harvard.edu/abs/2010ApJ...719..523K",
	archiveprefix = "arXiv",
	author = "{Kwak}, K. and {Shelton}, R.~L.",
	doi = "10.1088/0004-637X",
	eprint = "1006.3811",
	journal = "\apj",
	keywords = "Galaxy: halo; hydrodynamics; methods: numerical; turbulence; ultraviolet: ISM",
	month = aug,
	pages = "523--539",
	primaryclass = "astro-ph.GA",
	title = "{Numerical Study of Turbulent Mixing Layers with Non-equilibrium Ionization Calculations}",
	volume = 719,
	year = 2010
}

@article{1994ApJ...434L..33M,
	adsnote = "Provided by the SAO/NASA Astrophysics Data System",
	adsurl = "http://adsabs.harvard.edu/abs/1994ApJ...434L..33M",
	author = "{Mac Low}, M.-M. and {Zahnle}, K.",
	doi = "10.1086/187565",
	journal = "\apjl",
	keywords = "Computerized Simulation; Explosions; Gas Dynamics; Jupiter Atmosphere; Mathematical Models; Shoemaker-Levy 9 Comet; Atmospheric Pressure; Computational Grids; Energy Transfer; Kinetic Energy; Pressure Effects",
	month = oct,
	pages = "L33--L36",
	title = "{Explosion of comet Shoemaker-Levy 9 on entry into the Jovian atmosphere}",
	volume = 434,
	year = 1994
}

@article{2002A&A...395L..13M,
	adsnote = "Provided by the SAO/NASA Astrophysics Data System",
	adsurl = "http://adsabs.harvard.edu/abs/2002A\%26A...395L..13M",
	author = "{Mellema}, G. and {Kurk}, J.~D. and {R{\"o}ttgering}, H.~J.~A.",
	doi = "10.1051/0004-6361:20021408",
	eprint = "astro-ph/0209601",
	journal = "\aap",
	keywords = "galaxies: jets; galaxies: high redshift; galaxies: active; galaxies: evolution; cosmology: early Universe",
	month = nov,
	pages = "L13--L16",
	title = "{Evolution of clouds in radio galaxy cocoons}",
	volume = 395,
	year = 2002
}

@article{2004ApJ...604...74F,
	adsnote = "Provided by the SAO/NASA Astrophysics Data System",
	adsurl = "http://adsabs.harvard.edu/abs/2004ApJ...604...74F",
	author = "{Fragile}, P.~C. and {Murray}, S.~D. and {Anninos}, P. and {van Breugel}, W.",
	doi = "10.1086/381726",
	eprint = "astro-ph/0311298",
	journal = "\apj",
	keywords = "galaxies: individual (Minkowski's Object); Galaxies: Jets; Hydrodynamics; Galaxies: Intergalactic Medium; Shock Waves",
	month = mar,
	pages = "74--87",
	title = "{Radiative Shock-induced Collapse of Intergalactic Clouds}",
	volume = 604,
	year = 2004
}

@article{2005A&A...443..495M,
	adsnote = "Provided by the SAO/NASA Astrophysics Data System",
	adsurl = "http://adsabs.harvard.edu/abs/2005A\%26A...443..495M",
	author = "{Melioli}, C. and {de Gouveia dal Pino}, E.~M. and {Raga}, A.",
	doi = "10.1051/0004-6361:20052679",
	eprint = "astro-ph/0502104",
	journal = "\aap",
	keywords = "galaxies: starburst; hydrodynamics; shock waves; methods: N-body simulations; ISM: clouds; ISM: supernova remnants",
	month = nov,
	pages = "495--508",
	title = "{Multidimensional hydrodynamical simulations of radiative cooling SNRs-clouds interactions: an application to starburst environments}",
	volume = 443,
	year = 2005
}

@article{2009ApJ...703..330C,
	adsnote = "Provided by the SAO/NASA Astrophysics Data System",
	adsurl = "http://adsabs.harvard.edu/abs/2009ApJ...703..330C",
	archiveprefix = "arXiv",
	author = "{Cooper}, J.~L. and {Bicknell}, G.~V. and {Sutherland}, R.~S. and {Bland-Hawthorn}, J.",
	doi = "10.1088/0004-637X",
	eprint = "0907.4004",
	journal = "\apj",
	keywords = "galaxies: starburst; hydrodynamics; ISM: clouds; ISM: jets and outflows; methods: numerical",
	month = sep,
	pages = "330--347",
	title = "{Starburst-Driven Galactic Winds: Filament Formation and Emission Processes}",
	volume = 703,
	year = 2009
}

@article{2015ApJ...805..158S,
	adsnote = "Provided by the SAO/NASA Astrophysics Data System",
	adsurl = "http://adsabs.harvard.edu/abs/2015ApJ...805..158S",
	archiveprefix = "arXiv",
	author = "{Scannapieco}, E. and {Br{\"u}ggen}, M.",
	doi = "10.1088/0004-637X",
	eid = "158",
	eprint = "1503.06800",
	journal = "\apj",
	keywords = "galaxies: starburst; hydrodynamics; ISM: structure; shock waves",
	month = jun,
	pages = "158",
	title = "{The Launching of Cold Clouds by Galaxy Outflows. I. Hydrodynamic Interactions with Radiative Cooling}",
	volume = 805,
	year = 2015
}

@article{2017ApJ...834..144S,
	adsnote = "Provided by the SAO/NASA Astrophysics Data System",
	adsurl = "http://adsabs.harvard.edu/abs/2017ApJ...834..144S",
	archiveprefix = "arXiv",
	author = "{Schneider}, E.~E. and {Robertson}, B.~E.",
	doi = "10.3847/1538-4357",
	eid = "144",
	eprint = "1607.01788",
	journal = "\apj",
	keywords = "galaxies: evolution; hydrodynamics; ISM: clouds; supernovae: general; turbulence",
	month = jan,
	pages = "144",
	title = "{Hydrodynamical Coupling of Mass and Momentum in Multiphase Galactic Winds}",
	volume = 834,
	year = 2017
}

