@FOOTNOTE{Note1,key="Note1",note="D.J.T Heneghan, W. M. Dennis,2021, \protect \emph  {Journal TBD}, Vol. TBD, No. TBD. \indent \indent Reprinted here with permission of publisher and authors."}
@CONTROL{REVTEX42Control}
@CONTROL{aip41Control,pages="1",title="0"}
