@article{Alfaro-Mozaz:17,
  author  = {Alfaro-Mozaz, F. J. and Alonso-González, P. and Vélez, S. and Dolado, I. and Autore, M. and Mastel, S. and Casanova, F. and Hueso, L. E. and Li, P. and Nikitin, A. Y. and Hillenbrand, R.},
  title   = {Nanoimaging of resonating hyperbolic polaritons in linear boron nitride antennas},
  journal = {Nat. Commun.},
  volume  = {8},
  number  = {1},
  pages   = {15624},
  issn    = {2041-1723},
  doi     = {10.1038/ncomms15624},
  url     = {https://doi.org/10.1038/ncomms15624},
  year    = {2017},
  type    = {Journal Article}
}

@article{Autore:18,
  author  = {Autore, Marta and Li, Peining and Dolado, Irene and Alfaro-Mozaz, Francisco J. and Esteban, Ruben and Atxabal, Ainhoa and Casanova, Fèlix and Hueso, Luis E. and Alonso-González, Pablo and Aizpurua, Javier and Nikitin, Alexey Y. and Vélez, Saül and Hillenbrand, Rainer},
  title   = {Boron nitride nanoresonators for phonon-enhanced molecular vibrational spectroscopy at the strong coupling limit},
  journal = {Light Sci. Appl.},
  volume  = {7},
  number  = {4},
  pages   = {17172-17172},
  issn    = {2047-7538},
  doi     = {10.1038/lsa.2017.172},
  url     = {https://doi.org/10.1038/lsa.2017.172},
  year    = {2018},
  type    = {Journal Article}
}

@article{Barnes:03,
  author  = {Barnes, William L. and Dereux, Alain and Ebbesen, Thomas W.},
  title   = {Surface plasmon subwavelength optics},
  journal = {Nature},
  volume  = {424},
  number  = {6950},
  pages   = {824-830},
  issn    = {1476-4687},
  doi     = {10.1038/nature01937},
  url     = {https://doi.org/10.1038/nature01937},
  year    = {2003},
  type    = {Journal Article}
}

@article{Bazylewski:17,
  author  = {Bazylewski, Paul and Ezugwu, Sabastine and Fanchini, Giovanni},
  title   = {A review of three-dimensional scanning near-field optical microscopy (3D-SNOM) and its applications in nanoscale light management},
  journal = {Appl. Sci.},
  volume  = {7},
  number  = {10},
  pages   = {973},
  year    = {2017},
  type    = {Journal Article}
}

@article{Benz:15,
author = {Benz, Alexander and Campione, Salvatore and Klem, John F. and Sinclair, Michael B. and Brener, Igal},
title = {Control of Strong Light–Matter Coupling Using the Capacitance of Metamaterial Nanocavities},
journal = {Nano Letters},
volume = {15},
number = {3},
pages = {1959-1966},
year = {2015},
doi = {10.1021/nl504815c},
note ={PMID: 25625404},
URL = {https://doi.org/10.1021/nl504815c},
eprint = {https://doi.org/10.1021/nl504815c}
}


@article{Bhimanapati:15,
  author  = {Bhimanapati, Ganesh R and Lin, Zhong and Meunier, Vincent and Jung, Yeonwoong and Cha, Judy and Das, Saptarshi and Xiao, Di and Son, Youngwoo and Strano, Michael S and Cooper, Valentino R},
  title   = {Recent advances in two-dimensional materials beyond graphene},
  journal = {ACS Nano.},
  volume  = {9},
  number  = {12},
  pages   = {11509-11539},
  issn    = {1936-0851},
  year    = {2015},
  type    = {Journal Article}
}

@article{Biehs:12,
  author  = {Biehs, S. A. and Tschikin, M. and Ben-Abdallah, P.},
  title   = {Hyperbolic Metamaterials as an Analog of a Blackbody in the Near Field},
  journal = {Phys. Rev. Lett.},
  volume  = {109},
  number  = {10},
  pages   = {104301},
  doi     = {10.1103/PhysRevLett.109.104301},
  url     = {https://link.aps.org/doi/10.1103/PhysRevLett.109.104301},
  year    = {2012},
  type    = {Journal Article}
}

@article{Bonaccorso:10,
  author  = {Bonaccorso, F. and Sun, Z. and Hasan, T. and Ferrari, A. C.},
  title   = {Graphene photonics and optoelectronics},
  journal = {Nat. Photon.},
  volume  = {4},
  number  = {9},
  pages   = {611-622},
  issn    = {1749-4893},
  doi     = {10.1038/nphoton.2010.186},
  url     = {https://doi.org/10.1038/nphoton.2010.186},
  year    = {2010},
  type    = {Journal Article}
}

@article{Caldwell:14,
  author  = {Caldwell, Joshua D. and Kretinin, Andrey V. and Chen, Yiguo and Giannini, Vincenzo and Fogler, Michael M. and Francescato, Yan and Ellis, Chase T. and Tischler, Joseph G. and Woods, Colin R. and Giles, Alexander J. and Hong, Minghui and Watanabe, Kenji and Taniguchi, Takashi and Maier, Stefan A. and Novoselov, Kostya S.},
  title   = {Sub-diffractional volume-confined polaritons in the natural hyperbolic material hexagonal boron nitride},
  journal = {Nat. Commun.},
  volume  = {5},
  number  = {1},
  pages   = {5221},
  issn    = {2041-1723},
  doi     = {10.1038/ncomms6221},
  url     = {https://doi.org/10.1038/ncomms6221},
  year    = {2014},
  type    = {Journal Article}
}

@article{Chang:06,
  author  = {Chang, DE and Sørensen, Anders Søndberg and Hemmer, PR and Lukin, MD},
  title   = {Quantum optics with surface plasmons},
  journal = {Phys. Rev. Lett.},
  volume  = {97},
  number  = {5},
  pages   = {053002},
  year    = {2006},
  type    = {Journal Article}
}

@article{Chen:20,
  author  = {Chen, Guorui and Sharpe, Aaron L. and Fox, Eli J. and Zhang, Ya-Hui and Wang, Shaoxin and Jiang, Lili and Lyu, Bosai and Li, Hongyuan and Watanabe, Kenji and Taniguchi, Takashi and Shi, Zhiwen and Senthil, T. and Goldhaber-Gordon, David and Zhang, Yuanbo and Wang, Feng},
  title   = {Tunable correlated Chern insulator and ferromagnetism in a moiré superlattice},
  journal = {Nature},
  volume  = {579},
  number  = {7797},
  pages   = {56-61},
  issn    = {1476-4687},
  doi     = {10.1038/s41586-020-2049-7},
  url     = {https://doi.org/10.1038/s41586-020-2049-7},
  year    = {2020},
  type    = {Journal Article}
}

@article{Chen:19,
  author  = {Chen, Guorui and Sharpe, Aaron L. and Gallagher, Patrick and Rosen, Ilan T. and Fox, Eli J. and Jiang, Lili and Lyu, Bosai and Li, Hongyuan and Watanabe, Kenji and Taniguchi, Takashi and Jung, Jeil and Shi, Zhiwen and Goldhaber-Gordon, David and Zhang, Yuanbo and Wang, Feng},
  title   = {Signatures of tunable superconductivity in a trilayer graphene moiré superlattice},
  journal = {Nature},
  volume  = {572},
  number  = {7768},
  pages   = {215-219},
  issn    = {1476-4687},
  doi     = {10.1038/s41586-019-1393-y},
  url     = {https://doi.org/10.1038/s41586-019-1393-y},
  year    = {2019},
  type    = {Journal Article}
}

@article{Chen:14,
  author  = {Chen, Yiguo and Francescato, Yan and Caldwell, Joshua D. and Giannini, Vincenzo and Maß, Tobias W. W. and Glembocki, Orest J. and Bezares, Francisco J. and Taubner, Thomas and Kasica, Richard and Hong, Minghui and Maier, Stefan A.},
  title   = {Spectral Tuning of Localized Surface Phonon Polariton Resonators for Low-Loss Mid-IR Applications},
  journal = {ACS Photon.},
  volume  = {1},
  number  = {8},
  pages   = {718-724},
  doi     = {10.1021/ph500143u},
  url     = {https://doi.org/10.1021/ph500143u},
  year    = {2014},
  type    = {Journal Article}
}

@article{Cheng:14,
author = {Fei Cheng and Xiaodong Yang and Jie Gao},
journal = {Opt. Lett.},
keywords = {Spectroscopy, infrared; Metamaterials; Optical sensing and sensors ; Infrared spectroscopy; Light matter interactions; Localized surface plasmon resonance; Refractive index; Scanning electron microscopy; Thin films},
number = {11},
pages = {3185--3188},
publisher = {OSA},
title = {Enhancing intensity and refractive index sensing capability with infrared plasmonic perfect absorbers},
volume = {39},
month = {Jun},
year = {2014},
url = {http://ol.osa.org/abstract.cfm?URI=ol-39-11-3185},
doi = {10.1364/OL.39.003185},
}

@article{Cheng:15,
  author  = {Cheng, Fei and Yang, Xiaodong and Gao, Jie},
  title   = {Ultrasensitive detection and characterization of molecules with infrared plasmonic metamaterials},
  journal = {Sci. Rep.},
  volume  = {5},
  number  = {1},
  pages   = {14327},
  issn    = {2045-2322},
  doi     = {10.1038/srep14327},
  url     = {https://doi.org/10.1038/srep14327},
  year    = {2015},
  type    = {Journal Article}
}

@article{Ciesielski:18,
  title    = {Evidence of germanium segregation in gold thin films},
  journal  = {Surf. Sci.},
  volume   = {674},
  pages    = {73-78},
  year     = {2018},
  issn     = {0039-6028},
  doi      = {https://doi.org/10.1016/j.susc.2018.03.020},
  url      = {https://www.sciencedirect.com/science/article/pii/S0039602817309524},
  author   = {Arkadiusz Ciesielski and Lukasz Skowronski and Marek Trzcinski and Ewa Górecka and Paweł Trautman and Tomasz Szoplik},
  keywords = {Gold, Germanium, Crystallinity, Segregation, Permittivity},
  abstract = {Using X-ray Reflectometry (XRR) and X-ray Diffraction (XRD) measurements, we investigated the crystallinity of ∼35 nm-thick gold films deposited on glass substrates with 2 nm-thick germanium wetting interlayer. Such wetting decreases the average grain size in the Au film and introduces gradient growth. With X-ray Photoelectron Spectroscopy (XPS) we measured the atomic concentration of Ge as a function of subsurface depth. Our results show the highest concentration of Ge atoms near the surface and the lowest at the Au/substrate interface, which is most likely the result of segregation. Ellipsometric measurements demonstrate that although presence of Ge atoms segregated in the system introduces additional plasmonic bands in the permittivity spectrum, the intensity of these bands is low in comparison to the intensity of the Drude term, which is greater than for the pure Au film. Annealing the Ge-wetted Au films immediately after the deposition decreases the value of the Dude term, however still not to the level of the nonwetted films, which suggests that some kind of mixing still occurs.}
}

@article{Cortes:12,
  author  = {Cortes, C. L. and Newman, W. and Molesky, S. and Jacob, Z.},
  title   = {Quantum nanophotonics using hyperbolic metamaterials},
  journal = {J. Opt.},
  volume  = {14},
  number  = {6},
  pages   = {063001},
  issn    = {2040-8978
2040-8986},
  doi     = {10.1088/2040-8978/14/6/063001},
  url     = {http://dx.doi.org/10.1088/2040-8978/14/6/063001},
  year    = {2012},
  type    = {Journal Article}
}

@article{Dai:14,
  author  = {Dai, S and Fei, Z and Ma, Q and Rodin, AS and Wagner, M and McLeod, AS and Liu, MK and Gannett, W and Regan, W and Watanabe, K},
  title   = {Tunable phonon polaritons in atomically thin van der Waals crystals of boron nitride},
  journal = {Science},
  volume  = {343},
  number  = {6175},
  pages   = {1125-1129},
  issn    = {0036-8075},
  year    = {2014},
  type    = {Journal Article}
}

@article{Dean:13,
  author  = {Dean, C. R. and Wang, L. and Maher, P. and Forsythe, C. and Ghahari, F. and Gao, Y. and Katoch, J. and Ishigami, M. and Moon, P. and Koshino, M. and Taniguchi, T. and Watanabe, K. and Shepard, K. L. and Hone, J. and Kim, P.},
  title   = {Hofstadter’s butterfly and the fractal quantum Hall effect in moiré superlattices},
  journal = {Nature},
  volume  = {497},
  number  = {7451},
  pages   = {598-602},
  issn    = {1476-4687},
  doi     = {10.1038/nature12186},
  url     = {https://doi.org/10.1038/nature12186},
  year    = {2013},
  type    = {Journal Article}
}

@article{Dean:10,
  author  = {Dean, C. R. and Young, A. F. and Meric, I. and Lee, C. and Wang, L. and Sorgenfrei, S. and Watanabe, K. and Taniguchi, T. and Kim, P. and Shepard, K. L. and Hone, J.},
  title   = {Boron nitride substrates for high-quality graphene electronics},
  journal = {Nat. Nanotechnol.},
  volume  = {5},
  number  = {10},
  pages   = {722-726},
  issn    = {1748-3395},
  doi     = {10.1038/nnano.2010.172},
  url     = {https://doi.org/10.1038/nnano.2010.172},
  year    = {2010},
  type    = {Journal Article}
}

@article{Silva:12,
  author  = {Estevâm da Silva, R. and Macêdo, R. and Dumelow, T. and da Costa, J. A. P. and Honorato, S. B. and Ayala, A. P.},
  title   = {Far-infrared slab lensing and subwavelength imaging in crystal quartz},
  journal = {Phys. Rev, B},
  volume  = {86},
  number  = {15},
  pages   = {155152},
  doi     = {10.1103/PhysRevB.86.155152},
  url     = {https://link.aps.org/doi/10.1103/PhysRevB.86.155152},
  year    = {2012},
  type    = {Journal Article}
}

@article{Fali:19,
  author  = {Fali, Alireza and White, Samuel T. and Folland, Thomas G. and He, Mingze and Aghamiri, Neda A. and Liu, Song and Edgar, James H. and Caldwell, Joshua D. and Haglund, Richard F. and Abate, Yohannes},
  title   = {Refractive Index-Based Control of Hyperbolic Phonon-Polariton Propagation},
  journal = {Nano. Lett.},
  volume  = {19},
  number  = {11},
  pages   = {7725-7734},
  issn    = {1530-6984},
  doi     = {10.1021/acs.nanolett.9b02651},
  url     = {https://doi.org/10.1021/acs.nanolett.9b02651},
  year    = {2019},
  type    = {Journal Article}
}

@article{Fang:05,
  author  = {Fang, Nicholas and Lee, Hyesog and Sun, Cheng and Zhang, Xiang},
  title   = {Sub-Diffraction-Limited Optical Imaging with a Silver Superlens},
  journal = {Science},
  volume  = {308},
  number  = {5721},
  pages   = {534-537},
  doi     = {10.1126/science.1108759},
  url     = {https://science.sciencemag.org/content/sci/308/5721/534.full.pdf},
  year    = {2005},
  type    = {Journal Article}
}

@article{Folland:18,
  author  = {Folland, T. G. and Fali, A. and White, S. T. and Matson, J. R. and Liu, S. and Aghamiri, N. A. and Edgar, J. H. and Haglund, R. F. and Abate, Y. and Caldwell, J. D.},
  title   = {Reconfigurable infrared hyperbolic metasurfaces using phase change materials},
  journal = {Nat. Commun.},
  volume  = {9},
  number  = {1},
  pages   = {4371},
  issn    = {2041-1723},
  doi     = {10.1038/s41467-018-06858-y},
  url     = {https://doi.org/10.1038/s41467-018-06858-y},
  year    = {2018},
  type    = {Journal Article}
}

@article{Gao:2009,
  author  = {H. Gao and J. M. McMahon and M. H. Lee and J. Henzie and S. K. Gray and G. C. Schatz and T. W. Odom},
  title   = {Rayleigh anomaly-surface plasmon polariton resonances in palladium and gold subwavelength hole arrays},
  journal = {Opt. Express},
  volume  = {17},
  pages   = {2334–2340},
  year    = {2009},
  type    = {Journal Article}
}

@article{Geim:13,
  author  = {Geim, A. K. and Grigorieva, I. V.},
  title   = {Van der Waals heterostructures},
  journal = {Nature},
  volume  = {499},
  number  = {7459},
  pages   = {419-425},
  issn    = {1476-4687},
  doi     = {10.1038/nature12385},
  url     = {https://doi.org/10.1038/nature12385},
  year    = {2013},
  type    = {Journal Article}
}

@article{Gonzalez-Tudela:11,
  author  = {Gonzalez-Tudela, A and Martin-Cano, Diego and Moreno, Esteban and Martin-Moreno, Luis and Tejedor, C and Garcia-Vidal, Francisco J},
  title   = {Entanglement of two qubits mediated by one-dimensional plasmonic waveguides},
  journal = {Phys. Rev. Lett.},
  volume  = {106},
  number  = {2},
  pages   = {020501},
  year    = {2011},
  type    = {Journal Article}
}

@article{Guo:12,
  author  = {Guo, Yu and Newman, Ward and Cortes, Cristian L and Jacob, Zubin},
  title   = {Applications of Hyperbolic Metamaterial Substrates},
  journal = {Adv. OptoElectron.},
  issn    = {1687-563X},
  year    = {2012},
  type    = {Journal Article}
}

@article{Gvozdic:17,
  author  = {Gvozdic, Branko D and Djurdjevic, Dusan Z},
  title   = {Performance advantages of CPML over UPML absorbing boundary conditions in FDTD algorithm},
  journal = {J. Electr. Eng.},
  volume  = {68},
  number  = {1},
  pages   = {47-53},
  year    = {2017},
  type    = {Journal Article}
}

@article{Haldane:08,
  author  = {Haldane, F. D. M. and Raghu, S.},
  title   = {Possible Realization of Directional Optical Waveguides in Photonic Crystals with Broken Time-Reversal Symmetry},
  journal = {Phys. Rev. Lett.},
  volume  = {100},
  number  = {1},
  pages   = {013904},
  doi     = {10.1103/PhysRevLett.100.013904},
  url     = {https://link.aps.org/doi/10.1103/PhysRevLett.100.013904},
  year    = {2008},
  type    = {Journal Article}
}

@article{Huang:51,
  author  = {Huang, K. U. N.},
  title   = {Lattice Vibrations and Optical Waves in Ionic Crystals},
  journal = {Nature},
  volume  = {167},
  number  = {4254},
  pages   = {779-780},
  issn    = {1476-4687},
  doi     = {10.1038/167779b0},
  url     = {https://doi.org/10.1038/167779b0},
  year    = {1951},
  type    = {Journal Article}
}

@article{Huang:04,
  author  = {Huang, Sh J and Li, F},
  title   = {FDTD simulation of electromagnetic propagation in magnetized plasma using Z transforms},
  journal = {Int. J. Infrared Milli. Waves},
  volume  = {25},
  number  = {5},
  pages   = {815-825},
  issn    = {0195-9271},
  year    = {2004},
  type    = {Journal Article}
}

@article{Huber:08,
  author  = {Huber, A. J. and Deutsch, B. and Novotny, L. and Hillenbrand, R.},
  title   = {Focusing of surface phonon polaritons},
  journal = {Appl. Phys. Lett.},
  volume  = {92},
  number  = {20},
  pages   = {203104},
  doi     = {10.1063/1.2930681},
  url     = {https://aip.scitation.org/doi/abs/10.1063/1.2930681},
  year    = {2008},
  type    = {Journal Article}
}

@article{Hunt:13,
  author  = {Hunt, B. and Sanchez-Yamagishi, J. D. and Young, A. F. and Yankowitz, M. and LeRoy, B. J. and Watanabe, K. and Taniguchi, T. and Moon, P. and Koshino, M. and Jarillo-Herrero, P. and Ashoori, R. C.},
  title   = {Massive Dirac Fermions and Hofstadter Butterfly in a van der Waals Heterostructure},
  journal = {Science},
  volume  = {340},
  number  = {6139},
  pages   = {1427-1430},
  doi     = {10.1126/science.1237240},
  url     = {https://science.sciencemag.org/content/sci/340/6139/1427.full.pdf},
  year    = {2013},
  type    = {Journal Article}
}

@article{Jacob:12,
  author  = {Jacob, Zubin and Smolyaninov, Igor I. and Narimanov, Evgenii E.},
  title   = {Broadband Purcell effect: Radiative decay engineering with metamaterials},
  journal = {Appl. Phys. Lett.},
  volume  = {100},
  number  = {18},
  pages   = {181105},
  doi     = {10.1063/1.4710548},
  url     = {https://aip.scitation.org/doi/abs/10.1063/1.4710548},
  year    = {2012},
  type    = {Journal Article}
}

@article{Jiang:18,
  author  = {Jiang, Yuyu and Lin, Xiao and Low, Tony and Zhang, Baile and Chen, Hongsheng},
  title   = {Group-Velocity-Controlled and Gate-Tunable Directional Excitation of Polaritons in Graphene-Boron Nitride Heterostructures},
  journal = {Laser Photonics Rev.},
  volume  = {12},
  number  = {5},
  pages   = {1800049},
  issn    = {1863-8880},
  doi     = {10.1002/lpor.201800049},
  url     = {https://onlinelibrary.wiley.com/doi/abs/10.1002/lpor.201800049},
  year    = {2018},
  type    = {Journal Article}
}

@article{Kane:66,
  author  = {Kane, Yee},
  title   = {Numerical solution of initial boundary value problems involving maxwell's equations in isotropic media},
  journal = {IEEE Trans. Antennas Propag.},
  volume  = {14},
  number  = {3},
  pages   = {302-307},
  issn    = {1558-2221},
  doi     = {10.1109/TAP.1966.1138693},
  year    = {1966},
  type    = {Journal Article}
}

@article{Klein:2014,
  author  = {Angela E. Klein and Norik Janunts and Michael Steinert and Andreas T\"unnermann and Thomas Pertsch},
  title   = {Polarization-Resolved Near-Field Mapping of Plasmonic Aperture Emission by a Dual-SNOM System},
  journal = {Nano. Lett.},
  volume  = {14},
  pages   = {5010–5015},
  year    = {2014},
  type    = {Journal Article}
}

@article{Kneipp:97,
  author  = {Kneipp, Katrin and Wang, Yang and Kneipp, Harald and Perelman, Lev T and Itzkan, Irving and Dasari, Ramachandra R and Feld, Michael S},
  title   = {Single molecule detection using surface-enhanced Raman scattering (SERS)},
  journal = {Phys. Rev. Lett.},
  volume  = {78},
  number  = {9},
  pages   = {1667},
  year    = {1997},
  type    = {Journal Article}
}

@article{Koppens:11,
  author  = {Koppens, Frank HL and Chang, Darrick E and Garcia de Abajo, F Javier},
  title   = {Graphene plasmonics: a platform for strong light–matter interactions},
  journal = {Nano. Lett.},
  volume  = {11},
  number  = {8},
  pages   = {3370-3377},
  issn    = {1530-6984},
  year    = {2011},
  type    = {Journal Article}
}

@article{Kretinin:14,
  author  = {Kretinin, A. V. and Cao, Y. and Tu, J. S. and Yu, G. L. and Jalil, R. and Novoselov, K. S. and Haigh, S. J. and Gholinia, A. and Mishchenko, A. and Lozada, M. and Georgiou, T. and Woods, C. R. and Withers, F. and Blake, P. and Eda, G. and Wirsig, A. and Hucho, C. and Watanabe, K. and Taniguchi, T. and Geim, A. K. and Gorbachev, R. V.},
  title   = {Electronic Properties of Graphene Encapsulated with Different Two-Dimensional Atomic Crystals},
  journal = {Nano. Lett.},
  volume  = {14},
  number  = {6},
  pages   = {3270-3276},
  issn    = {1530-6984},
  doi     = {10.1021/nl5006542},
  url     = {https://doi.org/10.1021/nl5006542},
  year    = {2014},
  type    = {Journal Article}
}

@article{Kumar:15,
  author  = {Kumar, Anshuman and Low, Tony and Fung, Kin Hung and Avouris, Phaedon and Fang, Nicholas X.},
  title   = {Tunable Light–Matter Interaction and the Role of Hyperbolicity in Graphene–hBN System},
  journal = {Nano. Lett.},
  volume  = {15},
  number  = {5},
  pages   = {3172-3180},
  issn    = {1530-6984},
  doi     = {10.1021/acs.nanolett.5b01191},
  url     = {https://doi.org/10.1021/acs.nanolett.5b01191},
  year    = {2015},
  type    = {Journal Article}
}

@article{Li:80,
  author  = {Li, H. H.},
  title   = {Refractive index of alkaline earth halides and its wavelength and temperature derivatives},
  journal = {J. Phys. Chem. Ref. Data},
  volume  = {9},
  number  = {1},
  pages   = {161-290},
  doi     = {10.1063/1.555616},
  url     = {https://aip.scitation.org/doi/abs/10.1063/1.555616},
  year    = {1980},
  type    = {Journal Article}
}

@article{Liu:07,
  author  = {Liu, Zhaowei and Lee, Hyesog and Xiong, Yi and Sun, Cheng and Zhang, Xiang},
  title   = {Far-field optical hyperlens magnifying sub-diffraction-limited objects},
  journal = {Science},
  volume  = {315},
  number  = {5819},
  pages   = {1686-1686},
  issn    = {0036-8075},
  year    = {2007},
  type    = {Journal Article}
}

@article{Liu:10,
  title = {Infrared Spatial and Frequency Selective Metamaterial with Near-Unity Absorbance},
  author = {Liu, Xianliang and Starr, Tatiana and Starr, Anthony F. and Padilla, Willie J.},
  journal = {Phys. Rev. Lett.},
  volume = {104},
  issue = {20},
  pages = {207403},
  numpages = {4},
  year = {2010},
  month = {May},
  publisher = {American Physical Society},
  doi = {10.1103/PhysRevLett.104.207403},
  url = {https://link.aps.org/doi/10.1103/PhysRevLett.104.207403}
}



@article{LiuNL:10,
author = {Liu, Na and Mesch, Martin and Weiss, Thomas and Hentschel, Mario and Giessen, Harald},
title = {Infrared Perfect Absorber and Its Application As Plasmonic Sensor},
journal = {Nano Letters},
volume = {10},
number = {7},
pages = {2342-2348},
year = {2010},
doi = {10.1021/nl9041033},
note ={PMID: 20560590},
URL = {https://doi.org/10.1021/nl9041033},
eprint = {https://doi.org/10.1021/nl9041033}
}

@article{Losurdo:2021,
  author  = { Maria Losurdo and Fernando Moreno and Christoph Cobet and Mircea Modreanu and  Wolfram Pernice},
  title   = {Plasmonics: Enabling functionalities with novel materials},
  journal = {J. Appl. Phys.},
  volume  = {129},
  pages   = {220401},
  year    = {2021},
  type    = {Journal Article}
}

@book{MacLeod:01,
  author    = {MacLeod, H.A.},
  title     = {Thin-Film Optical Filters},
  publisher = {CRC Press},
  isbn      = {9781420033236},
  url       = {https://books.google.com/books?id=D0S9hxzPJq8C},
  year      = {2001},
  type      = {Book}
}

@article{Maier:2004,
author = {Maier,Stefan A.  and Atwater,Harry A. },
title = {Plasmonics: Localization and guiding of electromagnetic energy in metal/dielectric structures},
journal = {Journal of Applied Physics},
volume = {98},
number = {1},
pages = {011101},
year = {2005},
doi = {10.1063/1.1951057},
URL = {https://doi.org/10.1063/1.1951057},
eprint = {https://doi.org/10.1063/1.1951057}
}

@article{Merewether:80,
  author  = {Merewether, DE and Fisher, R and Smith, FW},
  title   = {On implementing a numeric Huygen's source scheme in a finite difference program to illuminate scattering bodies},
  journal = {IEEE Trans. Nucl. Sci.},
  volume  = {27},
  number  = {6},
  pages   = {1829-1833},
  issn    = {0018-9499},
  year    = {1980},
  type    = {Journal Article}
}

@article{Murray:2007,
  author  = {W. Andrew Murray and William L. Barnes},
  title   = {Plasmonic Mater.},
  journal = {Adv. Mater.},
  volume  = {19},
  pages   = {3771–3782},
  year    = {2007},
  type    = {Journal Article}
}


@article{Novoselov:16,
  author  = {Novoselov, K. S. and Mishchenko, A. and Carvalho, A. and Castro Neto, A. H.},
  title   = {2D materials and van der Waals heterostructures},
  journal = {Science},
  volume  = {353},
  number  = {6298},
  pages   = {aac9439},
  doi     = {10.1126/science.aac9439},
  url     = {https://science.sciencemag.org/content/sci/353/6298/aac9439.full.pdf},
  year    = {2016},
  type    = {Journal Article}
}

@book{Palik:85,
  author    = {Palik, Edward D.},
  title     = {Handbook of optical constants of solids},
  publisher = {Academic Press},
  address   = {Orlando},
  isbn      = {0125444206 9780125444200},
  year      = {1985},
  type      = {Book}
}

@article{Pendry:99,
  author  = {Pendry, John},
  title   = {Playing Tricks with Light},
  journal = {Science},
  volume  = {285},
  number  = {5434},
  pages   = {1687-1688},
  doi     = {10.1126/science.285.5434.1687},
  year    = {1999},
  type    = {Journal Article}
}

@article{Pines:52,
  author  = {Pines, David and Bohm, David},
  title   = {A Collective Description of Electron Interactions: {II.} Collective vs Individual Particle Aspects of the Interactions},
  journal = {Phys. Rev.},
  volume  = {85},
  number  = {2},
  pages   = {338-353},
  doi     = {10.1103/PhysRev.85.338},
  url     = {https://link.aps.org/doi/10.1103/PhysRev.85.338},
  year    = {1952},
  type    = {Journal Article}
}

@article{Pons-Valencia:2019,
  author  = {P. Pons-Valencia and F.J. Alfaro-Mozaz and M.M. Wiecha and V. Biolek and I. Dolado and S. Vélez and
P. Li and P. Alonso-González and F. Casanova and L.E. Hueso and L. Martín-Moreno and R. Hillenbrand and A.Y. Nikitin},
  title   = {Launching of hyperbolic phonon-polaritons in h-BN slabs by resonant metal plasmonic antennas},
  journal = {Nat. Commun.},
  volume  = {10},
  pages   = {3242},
  doi     = {https://doi.org/10.1038/s41467-019-11143-7},
  year    = {2019},
  type    = {Journal Article}
}

@article{Raghu:08,
  author  = {Raghu, S. and Haldane, F. D. M.},
  title   = {Analogs of quantum-Hall-effect edge states in photonic crystals},
  journal = {Phys. Rev. A},
  volume  = {78},
  number  = {3},
  pages   = {033834},
  doi     = {10.1103/PhysRevA.78.033834},
  url     = {https://link.aps.org/doi/10.1103/PhysRevA.78.033834},
  year    = {2008},
  type    = {Journal Article}
}
@article{Rayleigh:1907,
  author  = {L. Rayleigh},
  title   = {On the dynamical theory of gratings},
  journal = {Proc. R. Soc. Lond. A.},
  volume  = {79},
  pages   = {399–416},
  year    = {1907},
  type    = {Journal Article}
}

@article{Ricker:43,
  author  = {Ricker, Norman},
  title   = {Further developments in the wavelet theory of seismogram structure},
  journal = {Bulletin of the Seismological Society of America},
  volume  = {33},
  number  = {3},
  pages   = {197-228},
  issn    = {1943-3573},
  year    = {1943},
  type    = {Journal Article}
}

@article{Ritchie:57,
  author  = {Ritchie, R. H.},
  title   = {Plasma Losses by Fast Electrons in Thin Films},
  journal = {Phys. Rev.},
  volume  = {106},
  number  = {5},
  pages   = {874-881},
  doi     = {10.1103/PhysRev.106.874},
  url     = {https://link.aps.org/doi/10.1103/PhysRev.106.874},
  year    = {1957},
  type    = {Journal Article}
}

@article{Rodrigo:15,
  author  = {Rodrigo, Daniel and Limaj, Odeta and Janner, Davide and Etezadi, Dordaneh and García de Abajo, F. Javier and Pruneri, Valerio and Altug, Hatice},
  title   = {Mid-infrared plasmonic biosensing with graphene},
  journal = {Science},
  volume  = {349},
  number  = {6244},
  pages   = {165-168},
  doi     = {10.1126/science.aab2051},
  url     = {https://science.sciencemag.org/content/sci/349/6244/165.full.pdf},
  year    = {2015},
  type    = {Journal Article}
}

@article{Sacks:95,
  author  = {Sacks, Zachary S and Kingsland, David M and Lee, Robert and Lee, Jin-Fa},
  title   = {A perfectly matched anisotropic absorber for use as an absorbing boundary condition},
  journal = {IEEE Trans. Antennas Propag.},
  volume  = {43},
  number  = {12},
  pages   = {1460-1463},
  issn    = {0018-926X},
  year    = {1995},
  type    = {Journal Article}
}

@article{Salomon:12,
  title = {Strong Coupling between Molecular Excited States and Surface Plasmon Modes of a Slit Array in a Thin Metal Film},
  author = {Salomon, Adi and Gordon, Robert J. and Prior, Yehiam and Seideman, Tamar and Sukharev, Maxim},
  journal = {Phys. Rev. Lett.},
  volume = {109},
  issue = {7},
  pages = {073002},
  numpages = {5},
  year = {2012},
  month = {Aug},
  publisher = {American Physical Society},
  doi = {10.1103/PhysRevLett.109.073002},
  url = {https://link.aps.org/doi/10.1103/PhysRevLett.109.073002}
}


@book{Sakurai:17,
  author    = {Sakurai, Jun John and Napolitano, Jim},
  title     = {Modern Quantum Mechanics},
  publisher = {Cambridge University Press},
  isbn      = {1108422411 9781108422413},
  year      = {2017},
  type      = {Book}
}

@article{Shelby:01,
   author = {Shelby, R. A. and Smith, D. R. and Schultz, S.},
   title = {Experimental verification of a negative index of refraction},
   journal = {Science},
   volume = {292},
   number = {5514},
   pages = {77-9},
   ISSN = {0036-8075 (Print) 0036-8075},
   DOI = {10.1126/science.1058847},
   year = {2001},
   type = {Journal Article}
}

@article{Shelton:11,
   author = {Shelton, D. J. and Brener, I. and Ginn, J. C. and Sinclair, M. B. and Peters, D. W. and Coffey, K. R. and Boreman, G. D.},
   title = {Strong Coupling between Nanoscale Metamaterials and Phonons},
   journal = {Nano Letters},
   volume = {11},
   number = {5},
   pages = {2104-2108},
   ISSN = {1530-6984},
   DOI = {10.1021/nl200689z},
   url = {https://doi.org/10.1021/nl200689z},
   year = {2011},
   type = {Journal Article}
}

@book{Sullivan:13,
  author    = {Sullivan, Dennis M.},
  title     = {Electromagnetic Simulation Using the FDTD Method, Second Edition},
  publisher = {Wiley},
  isbn      = {9781118459393 },
  year      = {2013},
  type      = {Book}
}

@article{Sullivan:96,
  author  = {Sullivan, Dennis M.},
  title   = {Z-transform theory and the FDTD method},
  journal = {IEEE Trans. Antennas Propag.},
  volume  = {44},
  number  = {1},
  pages   = {28-34},
  issn    = {0018-926X},
  year    = {1996},
  type    = {Journal Article}
}

@book{Taflove:05,
  author    = {Taflove, A. and Hagness, S.C.},
  title     = {Computational Electrodynamics: The Finite-difference Time-domain Method},
  publisher = {Artech House},
  isbn      = {9781580538329},
  url       = {https://books.google.com/books?id=n2ViQgAACAAJ},
  year      = {2005},
  type      = {Book}
}

@article{Talley:05,
  author  = {Talley, Chad E and Jackson, Joseph B and Oubre, Chris and Grady, Nathaniel K and Hollars, Christopher W and Lane, Stephen M and Huser, Thomas R and Nordlander, Peter and Halas, Naomi J},
  title   = {Surface-enhanced Raman scattering from individual Au nanoparticles and nanoparticle dimer substrates},
  journal = {Nano. Lett.},
  volume  = {5},
  number  = {8},
  pages   = {1569-1574},
  issn    = {1530-6984},
  year    = {2005},
  type    = {Journal Article}
}

@misc{PGI:20,
  title = {{PGI Compilers and Tools: OpenACC Getting Started Guide, NVIDIA}},
  pages = {42},
  month = {11/19/2020},
  url   = {https://www.pgroup.com/resources/docs/20.1/pdf/openacc20_gs.pdf},
  year  = {2020},
  type  = {Electronic Book}
}

@article{Tolpygo:50,
  author  = {Tolpygo, KB},
  title   = {Physical properties of a rock salt lattice made up of deformable ions},
  journal = {Zh. Eksp. Teor. Fiz.},
  volume  = {20},
  pages   = {497-509},
  year    = {1950},
  type    = {Journal Article}
}


@article{Woessner:15,
  author  = {Woessner, Achim and Lundeberg, Mark B. and Gao, Yuanda and Principi, Alessandro and Alonso-González, Pablo and Carrega, Matteo and Watanabe, Kenji and Taniguchi, Takashi and Vignale, Giovanni and Polini, Marco and Hone, James and Hillenbrand, Rainer and Koppens, Frank H. L.},
  title   = {Highly confined low-loss plasmons in graphene–boron nitride heterostructures},
  journal = {Nat. Mater.},
  volume  = {14},
  number  = {4},
  pages   = {421-425},
  issn    = {1476-4660},
  doi     = {10.1038/nmat4169},
  url     = {https://doi.org/10.1038/nmat4169},
  year    = {2015},
  type    = {Journal Article}
}

@article{Yang:20,
  author  = {Yang, Jiong and Mayyas, Mohannad and Tang, Jianbo and Ghasemian, Mohammad B. and Yang, Honghua and Watanabe, Kenji and Taniguchi, Takashi and Ou, Qingdong and Li, Lu Hua and Bao, Qiaoliang and Kalantar-Zadeh, Kourosh},
  title   = {Boundary-Induced Auxiliary Features in Scattering-Type Near-Field Fourier Transform Infrared Spectroscopy},
  journal = {ACS Nano},
  volume  = {14},
  number  = {1},
  pages   = {1123-1132},
  issn    = {1936-0851},
  doi     = {10.1021/acsnano.9b08895},
  url     = {https://doi.org/10.1021/acsnano.9b08895},
  year    = {2020},
  type    = {Journal Article}
}

@article{Yu:14,
  author  = {Yu, G. L. and Gorbachev, R. V. and Tu, J. S. and Kretinin, A. V. and Cao, Y. and Jalil, R. and Withers, F. and Ponomarenko, L. A. and Piot, B. A. and Potemski, M. and Elias, D. C. and Chen, X. and Watanabe, K. and Taniguchi, T. and Grigorieva, I. V. and Novoselov, K. S. and Fal’ko, V. I. and Geim, A. K. and Mishchenko, A.},
  title   = {Hierarchy of Hofstadter states and replica quantum Hall ferromagnetism in graphene superlattices},
  journal = {Nat. Phys.},
  volume  = {10},
  number  = {7},
  pages   = {525-529},
  issn    = {1745-2481},
  doi     = {10.1038/nphys2979},
  url     = {https://doi.org/10.1038/nphys2979},
  year    = {2014},
  type    = {Journal Article}
}

@article{Železný:02,
  author  = {Železný, V. and Cockayne, Eric and Petzelt, J. and Limonov, M. F. and Usvyat, D. E. and Lemanov, V. V. and Volkov, A. A.},
  title   = {Temperature dependence of infrared-active phonons in ${\mathrm{CaTiO}}_{3}:$ A combined spectroscopic and first-principles study},
  journal = {Phys. Rev. B},
  volume  = {66},
  number  = {22},
  pages   = {224303},
  doi     = {10.1103/PhysRevB.66.224303},
  url     = {https://link.aps.org/doi/10.1103/PhysRevB.66.224303},
  year    = {2002},
  type    = {Journal Article}
}

@article{Zhao:17,
  author  = {Zhao, Bo and Zhang, Zhuomin M.},
  title   = {Perfect mid-infrared absorption by hybrid phonon-plasmon polaritons in hBN/metal-grating anisotropic structures},
  journal = {Int. J. Heat Mass Transf.},
  volume  = {106},
  pages   = {1025-1034},
  issn    = {0017-9310},
  doi     = {https://doi.org/10.1016/j.ijheatmasstransfer.2016.10.074},
  url     = {http://www.sciencedirect.com/science/article/pii/S0017931016318257},
  year    = {2017},
  type    = {Journal Article}
}

@misc{peakfinding,
  note = {{Peak positions were initially found using a naive peak finding algorithm that sequentially determined all local maxima. This procedure was validated by comparing to a fit to multiple Gaussian functions, although the latter approach would fail in regions where multiple peaks and shoulders were close in frequency. In the case of the inflections in the vacinity of the TO frequency side peaks or shoulders were determined by calculating the second derivative of the spectrum; the resulting curve was then multiplied by -1 and the above peak finding algoritm reapplied.}}
}

@misc{Rumpf:20,
  author = {{Raymond C. Rumpf}},
  title  = {{Formulation of Plane Wave Expansion Method, EMPossible}},
  year   = {2020},
  url    = { https://empossible.net/academics/emp5337/},
  note   = {[Online; accessed 7-July-2021]}
}

@article{Wan:16,
  author    = {Weiwei Wan and Xiaodong Yang and Jie Gao},
  journal   = {Opt. Express},
  keywords  = {Spectroscopy, infrared; Metamaterials; Coupled resonators ; Plasmonics; Effective refractive index; Electromagnetically induced transparency; Fano resonance; Localized surface plasmon resonance; Surface enhanced Raman scattering; Surface plasmon resonance},
  number    = {11},
  pages     = {12367--12374},
  publisher = {OSA},
  title     = {Strong coupling between mid-infrared localized plasmons and phonons},
  volume    = {24},
  month     = {May},
  year      = {2016},
  url       = {http://www.opticsexpress.org/abstract.cfm?URI=oe-24-11-12367},
  doi       = {10.1364/OE.24.012367}
}

@article{Wood:1902,
  author  = {R. W. Wood},
  title   = {On a remarkable case of uneven distribution of light in a diffraction grating spectrum},
  journal = {Lond. Edinb. Dublin Philos. Mag. J. Sci.},
  volume  = {4},
  pages   = {396–402},
  year    = {1902},
  type    = {Journal Article}
}

@article{Wu:2016,
  author  = {Jipeng Wu and Hengliang Wang and Leyong Jiang and Jun Guo and Xiaoyu Dai and Yuanjiang Xiang and Shuangchun Wend},
  title   = {Critical coupling using the hexagonal boron nitride crystals in the mid-infrared range},
  journal = {J. Appl. Phys.},
  volume  = {119},
  pages   = {203107},
  year    = {2016},
  type    = {Journal Article}
}

@article{Yang:20,
author = {Yang, Jiong and Mayyas, Mohannad and Tang, Jianbo and Ghasemian, Mohammad B. and Yang, Honghua and Watanabe, Kenji and Taniguchi, Takashi and Ou, Qingdong and Li, Lu Hua and Bao, Qiaoliang and Kalantar-Zadeh, Kourosh},
title = {Boundary-Induced Auxiliary Features in Scattering-Type Near-Field Fourier Transform Infrared Spectroscopy},
journal = {ACS Nano},
volume = {14},
number = {1},
pages = {1123-1132},
year = {2020},
doi = {10.1021/acsnano.9b08895},
note ={PMID: 31854973},
URL = {https://doi.org/10.1021/acsnano.9b08895},
eprint = {https://doi.org/10.1021/acsnano.9b08895}
}

@article{Yang:21,
  title={Large-Area Plasmonic Metamaterial with Thickness-Dependent Absorption},
  author={Yang, Kang and Wang, Jingyu and Yao, Xu and Lyu, Danya and Zhu, Jinfeng and Yang, Zhilin and Liu, Bowen and Ren, Bin},
  journal={Advanced Optical Materials},
  volume={9},
  number={1},
  pages={2001375},
  year={2021},
  publisher={Wiley Online Library}
}

@article{Zhang:07,
  title = {Artificial phonon-plasmon polariton at the interface of piezoelectric metamaterials and semiconductors},
  author = {Zhang, Xuejin and Wu, Dongmin and Sun, Cheng and Zhang, Xiang},
  journal = {Phys. Rev. B},
  volume = {76},
  issue = {8},
  pages = {085318},
  numpages = {5},
  year = {2007},
  month = {Aug},
  publisher = {American Physical Society},
  doi = {10.1103/PhysRevB.76.085318},
  url = {https://link.aps.org/doi/10.1103/PhysRevB.76.085318}
}

@article{Zhao:17,
title = {Perfect mid-infrared absorption by hybrid phonon-plasmon polaritons in hBN/metal-grating anisotropic structures},
journal = {International Journal of Heat and Mass Transfer},
volume = {106},
pages = {1025-1034},
year = {2017},
issn = {0017-9310},
doi = {https://doi.org/10.1016/j.ijheatmasstransfer.2016.10.074},
url = {https://www.sciencedirect.com/science/article/pii/S0017931016318257},
author = {Bo Zhao and Zhuomin M. Zhang},
}